% Branner, B. "The Mandelbrot Set." In Chaos and Fractals: 
% The Mathematics Behind the Computer Graphics, Proc. Sympos. Appl. 
% Math., Vol. 39  (Ed. R. L. Devaney and L. Keen). Providence, RI: 
% Amer. Math. Soc., 75-105, 1989.
@inproceedings{FRAC:Mandelbrot,
  title = {The {M}andelbrot Set},
  author = {B. Branner},
  booktitle = {Chaos and Fractals: The Mathematics Behind 
    the Computer Graphics},
  journal = {Proc. Sympos. Appl. Math.},
  volume = {39},
  editor = {R. L. Devaney and L. Keen},
  pages = {75--105},
  year = {1989},
  address = {Providence, RI},
  publisher = {Amer. Math. Soc.},
}

% Douady, A. "Julia Sets and the Mandelbrot Set." In The Beauty of Fractals:
% Images of Complex Dynamical Systems  (Ed. H.-O. Peitgen and D. H. Richter).
% Berlin: Springer-Verlag, p. 161, 1986.
@inproceedings{FRAC:JuliaMandelBook,
  author = {A. Douady},
  title = {{J}ulia Sets and the {M}andelbrot Set},
  booktitle = {The Beauty of Fractals: Images of Complex Dynamical Systems},
  editor = {H.-O. Peitgen and D. H. Richter},
  address = {Berlin},
  publisher = {Springer-Verlag},
  pages = {161},
  year = {1986},
}

% Barnsley, Michael F., and Hawley Rising. Fractals Everywhere. Boston: Academic Press Professional, 1993. ISBN 0120790610
@book{FRAC:FractalsEverywhere,
  author="Barnsley, Michael F. and Rising, Hawley",
  title="Fractals Everywhere",
  publisher="Academic Press Professional",
  address="Boston",
  year="1993",
  note="ISBN 0120790610",
}

% Falconer, Kenneth. Fractal Geometry: Mathematical Foundations and Applications. West Sussex: John Wiley & Sons, Ltd., 2003. ISBN 0470848618
@book{FRAC:FractalGeometry,
  author="Falconer, Kenneth",
  title="Fractal Geometry: Mathematical Foundations and Applications",
  address="West Sussex",
  publisher="John Wiley \& Sons, Ltd.",
  year="2003",
  note="ISBN 0470848618",
}

%% Jürgens, Hartmut, Heins-Otto Peitgen, and Dietmar Saupe. Chaos and Fractals: New Frontiers of Science. New York: Springer-Verlag, 1992. ISBN 038797903
@book{FRAC:ChaosAndFractals,
  author={J\"urgens, Hartmut and Peitgen, Heins-Otto and Saupe, Dietmar},
  title="Chaos and Fractals: New Frontiers of Science",
  publisher="Springer-Verlag",
  address="New York",
  year="1992",
  note="ISBN 038797903",
}

% Mandelbrot, Benoît B. The Fractal Geometry of Nature. New York: W. H. Freeman and Co., 1982. ISBN 0716711869
@book{FRAC:FractalGeometryOfNature,
  author="Mandelbrot, Beno\^it B.",
  title="The Fractal Geometry of Nature",
  publisher="W. H. Freeman and Co.",
  address="New York",
  year="1982",
  note="ISBN 0716711869",
}

% Peitgen, Heinz-Otto, and Dietmar Saupe, eds. The Science of Fractal Images. New York: Springer-Verlag, 1988. ISBN
@book{FRAC:FractalImages,
  editor="Peitgen, Heins-Otto and Saupe, Dietmar",
  title="The Science of Fractal Images",
  publisher="Springer-Verlag",
  address="New York",
  year="1988",
  note="ISBN 0387966080",
}

% MANDELBROT, Benoit: "Fractals: Form, Chance, and Dimension," W. H. Freeman & Co., 1977. A much revised translation of "Les objets fractals: forme, hasard, et dimension," Flammarion, 1975.

@book{FRAC:LesObjetsFractals,
  author="Mandelbrot, Beno\^it B.",
  title={Les objets fractals: forme, hasard, et dimension},
  publisher="Flammarion",
  year="1975",
}

@misc{FRAC:MandelAnim,
  author="Richard Wareham",
  note="FIXME: MandelbrotAnimation",
}

@misc{FRAC:JuliaAnimation,
  author="Richard Wareham",
  note="FIXME: JuliaAnimation",
}

% K. J. Falconer, The Geometry of Fractal Sets, Cambridge University Press, 1985
@book{FRAC:GeometryOfFractalSets,
  author="K. J. Falconer",
  title="The Geometry of Fractal Sets",
  publisher="Cambridge University Press",
  year="1985",
}

% Fractal antennas - A novel antenna miniaturization technique, and applications
% Gianvittorio, J P; Rahmat-Samii, Y
% IEEE Antennas & Propagation Magazine. Vol. 44, no. 1, pp. 20-36. Feb. 2002 
@article{FRAC:Antennas,
  author="J. P. Gianvittorio and Y. Rahmat-Samii",
  title="Fractal antennas -- A novel antenna miniaturization technique, and applications",
  journal="IEEE Antennas \& Propagation Magazine",
  volume="44",
  number="1",
  pages="20---36",
  month=Feb,
  year="2002",
}
