%Original file available from http://www.dip.ee.uct.ac.za/~brendt/bibliographies/bibtex/fractal_coding.bib
%Last update: Thursday 23 December 1999
%Current number of entries: 274



@ARTICLE{Abenda89,
        AUTHOR             = {S. Abenda and G. Turchetti},
        JOURNAL            = nvcim,
        PAGES              = {213-227},
        TITLE              = {Inverse Problems of Fractal Sets on the Real Line via the Moment Method},
        VOLUME             = {104B},
        YEAR               = {1989}
}

@ARTICLE{Abenda92,
        AUTHOR             = {S. Abenda and G. Turchetti and S. Demko},
        JOURNAL            = invprob,
        PAGES              = {739-750},
        TITLE              = {Local Moments and Inverse Problem for Fractal Measures},
        VOLUME             = {8},
        YEAR               = {1992}
}

@INPROCEEDINGS{Ali92,
        AUTHOR             = {Maaruf Ali and Trevor G. Clarkson},
        ADDRESS            = {Leicester, England},
        BOOKTITLE          = ita92,
        EDITOR             = {K. Hafeez and M. A. Wani and K. S. Jomaa},
        MONTH              = dec,
        PAGES              = {110-122},
        TITLE              = {Survey of Block Based Fractal Image Compression and its Applications},
        YEAR               = {1992},
        URL = {ftp://ftp.Informatik.Uni-Freiburg.de/papers/fractal/AlCl92.ps.gz}
}

@INPROCEEDINGS{Alkhansari93,
        AUTHOR             = {Mohammad Gharavi-Alkhansari and Thomas S. Huang},
        ADDRESS            = {Lausanne, Switzerland},
        BOOKTITLE          = pcs93,
        MONTH              = mar,
        PAGES              = {1.7},
        TITLE              = {A fractal-based image block-coding algorithm},
        YEAR               = {1993}
}

@INPROCEEDINGS{Alkhansari94a,
        AUTHOR             = {Mohammad Gharavi-Alkhansari and Thomas S. Huang},
        ADDRESS            = {Sacramento, CA, USA},
        BOOKTITLE          = pcs94,
        MONTH              = sep,
        PAGES              = {440-443},
        TITLE              = {Generalized Image Coding Using Fractal-Based Methods},
        YEAR               = {1994},
        URL = {ftp://ftp.Informatik.Uni-Freiburg.de/papers/fractal/GhHu94a.ps.gz}
}

@INPROCEEDINGS{Alkhansari94b,
        AUTHOR             = {Mohammad Gharavi-Alkhansari and Thomas S. Huang},
        ADDRESS            = {Austin, TX, USA},
        BOOKTITLE          = icip94,
        MONTH              = nov,
        PAGES              = {122-126},
        TITLE              = {Fractal-Based Techniques for a Generalized Image Coding Method},
        VOLUME             = {III},
        YEAR               = {1994},
        URL = {ftp://ftp.informatik.uni-freiburg.de/papers/fractal/GhHu94b.ps.gz}
}

@INPROCEEDINGS{Alkhansari96a,
        AUTHOR             = {Mohammad Gharavi-Alkhansari and Thomas S. Huang},
        ADDRESS            = {Orlando, FL, USA},
        BOOKTITLE          = {Visual Communications and Image Processing '96},
        EDITOR             = {Rashid Ansari and Mark J. Smith},
        MONTH              = mar,
        PAGES              = {1386-1393},
        SERIES             = {SPIE Proceedings},
        TITLE              = {Fractal image coding using rate-distortion optimized matching pursuit},
        VOLUME             = {2727},
        YEAR               = {1996},
        URL = {ftp://ftp.Informatik.Uni-Freiburg.de/papers/fractal/GhHu96c.ps.gz}
}

@INCOLLECTION{Alkhansari96b,
        AUTHOR             = {Mohammad Gharavi-Alkhansari and Thomas S. Huang},
        BOOKTITLE          = {Video Coding : The Second Generation Approach},
        CHAPTER            = {7},
        EDITOR             = {L. Torres and M. Kunt},
        PAGES              = {265-304},
        PUBLISHER          = kluwer,
        TITLE              = {Fractal-Based Image and Video Coding},
        YEAR               = {1996},
        URL = {ftp://ftp.informatik.uni-freiburg.de/papers/fractal/GhHu96b.ps.gz}
}

@INPROCEEDINGS{Alkhansari97a,
        AUTHOR             = {Mohammad Gharavi-Alkhansari and Robert DeNardo and Yoichi Tenda and Thomas S. Huang},
        ADDRESS            = {San Jose, CA, USA},
        BOOKTITLE          = {Visual Communications and Image Processing '97},
        EDITOR             = {Jan Biemond and Edward J. Delp},
        MONTH              = feb,
        PAGES              = {1089-1100},
        SERIES             = {SPIE Proceedings},
        TITLE              = {Resolution Enhancement of Images using Fractal Coding},
        VOLUME             = {3024},
        YEAR               = {1997}
}

@INPROCEEDINGS{Alkhansari97b,
        AUTHOR             = {Mohammad Gharavi-Alkhansari and Thomas S. Huang},
        ADDRESS            = {Munich, Germany},
        BOOKTITLE          = icassp97,
        MONTH              = apr,
        PAGES              = {2705-2708},
        TITLE              = {A system/graph theoretical analysis of attractor coders},
        VOLUME             = {4},
        YEAR               = {1997},
        URL = {ftp://ftp.Informatik.Uni-Freiburg.de/papers/fractal/GhHu97.ps.gz}
}

@PHDTHESIS{Alkhansari97c,
        AUTHOR             = {Mohammad Gharavi-Alkhansari},
        SCHOOL             = {University of Illinois},
        TITLE              = {Fractal-based image and video coding using matching pursuit},
        VOLUME             = {4},
        YEAR               = {1997},
        URL = {ftp://ftp.ifp.uiuc.edu/pub/mohammad/PhDthesis97.ps.gz}
}

@INPROCEEDINGS{Amram97,
        AUTHOR             = {E. Amram and J. Blanc-Talon},
        ADDRESS            = {Santa Barbara, CA, USA},
        BOOKTITLE          = icip97,
        MONTH              = oct,
        TITLE              = {Recursive histograms comparison for accelerating fractal image compression},
        YEAR               = {1997},
        URL = {ftp://ftp.Informatik.Uni-Freiburg.DE/documents/papers/fractal/AmBl97.ps.gz}
}

@ARTICLE{Anson93,
        AUTHOR             = {Louisa F. Anson},
        JOURNAL            = byte,
        MONTH              = oct,
        PAGES              = {195-202},
        TITLE              = {Fractal Image Compression},
        YEAR               = {1993}
}

@INPROCEEDINGS{Asgari97,
        AUTHOR             = {S. Asgari and T. Q. Nguyen and W. Sethares},
        ADDRESS            = {Santa Barbara, CA, USA},
        BOOKTITLE          = icip97,
        MONTH              = oct,
        TITLE              = {Wavelet-based fractal transforms for image coding with no search},
        YEAR               = {1997},
        URL = {ftp://ftp.Informatik.Uni-Freiburg.DE/documents/papers/fractal/AsNgSe97.ps.gz}
}

@INPROCEEDINGS{Au97,
        AUTHOR             = {O. C. Au and M. L. Liou and L. K. Ma},
        ADDRESS            = {Santa Barbara, CA, USA},
        BOOKTITLE          = icip97,
        MONTH              = oct,
        TITLE              = {Fast fractal encoding in frequency domain},
        YEAR               = {1997},
        URL = {ftp://ftp.Informatik.Uni-Freiburg.DE/documents/papers/fractal/AuLiMa97.ps.gz}
}

@CONFERENCE{Baharav93a,
        AUTHOR             = {Zachi Barahav and David Malah and Ehud Karnin},
        ADDRESS            = {Nicosia, Cyprus},
        BOOKTITLE          = dsp93,
        MONTH              = jul,
        PAGES              = {190-195},
        TITLE              = {Hierarchical Interpretation of Fractal Image Coding and Its Application to Fast Decoding},
        YEAR               = {1993},
        URL = {ftp://ftp.informatik.uni-freiburg.de/papers/fractal/BaMaKa93.ps.Z}
}

@INCOLLECTION{Baharav95,
        AUTHOR             = {Zachi Barahav and David Malah and Ehud Karnin},
        ADDRESS            = {New York, NY, USA},
        BOOKTITLE          = {Fractal Image Compression: Theory and Application},
        CHAPTER            = {5},
        EDITOR             = {Yuval Fisher},
        PAGES              = {91-117},
        PUBLISHER          = {Springer-Verlag},
        TITLE              = {Hierarchical Interpretation of Fractal Image Coding and Its Applications},
        YEAR               = {1995}
}

@INPROCEEDINGS{Bani95a,
        AUTHOR             = {Behnam Bani-Eqbal},
        ADDRESS            = {San Jose, CA, USA},
        BOOKTITLE          = {Still-Image Compression},
        EDITOR             = {Majid Rabbani and Edward J. Delp and Sarah A. Rajala},
        MONTH              = feb,
        PAGES              = {67-74},
        SERIES             = {SPIE Proceedings},
        TITLE              = {Speeding up fractal image compression},
        VOLUME             = {2418},
        YEAR               = {1995}
}

@ARTICLE{Bani95b,
        AUTHOR             = {Behnam Bani-Eqbal},
        JOURNAL            = opteng,
        MONTH              = jun,
        NUMBER             = {6},
        PAGES              = {1705-1710},
        TITLE              = {Enhancing the speed of fractal image compression},
        VOLUME             = {34},
        YEAR               = {1995},
        URL = {ftp://links.uwaterloo.ca/pub/Fractals/Papers/bani95.ps.gz}
}

@ARTICLE{Barnsley88b,
        AUTHOR             = {Michael F. Barnsley and Alan D. Sloan},
        JOURNAL            = byte,
        MONTH              = jan,
        PAGES              = {215-223},
        TITLE              = {A Better Way to Compress Images},
        YEAR               = {1988}
}

@ARTICLE{Barnsley88c,
        AUTHOR             = {Michael F. Barnsley and Arnaud Jacquin and Francois Malassenet and Laurie Reuter and Alan D. Sloan},
        JOURNAL            = compgrph,
        MONTH              = aug,
        NUMBER             = {4},
        PAGES              = {131-140},
        TITLE              = {Harnessing Chaos for Image Synthesis},
        VOLUME             = {22},
        YEAR               = {1988}
}

@INCOLLECTION{Barnsley88f,
        AUTHOR             = {Michael F. Barnsley},
        BOOKTITLE          = {The Science of Fractal Images},
        CHAPTER            = {5},
        EDITOR             = {Heinz-Otto Peitgen and Dietmar Saupe},
        PAGES              = {219-239},
        PUBLISHER          = {Springer-Verlag},
        TITLE              = {Fractal modelling of real world images},
        YEAR               = {1988}
}

@BOOK{Barnsley93a,
        AUTHOR             = {Michael F. Barnsley},
        ADDRESS            = {Cambridge, MA, USA},
        CHAPTER            = {Fractal modelling of real world images},
        EDITION            = {2nd},
        PAGES              = {219-239},
        PUBLISHER          = {Academic Press},
        TITLE              = {Fractals Everywhere},
        YEAR               = {1993},
        CRINDEX            = {DS 516.15 BARN},
        KEYWORDS           = {UCT barcode 1988 03837 401},
        ISSN_ISBN          = {0-12-079061-0}
}

@BOOK{Barnsley93b,
        AUTHOR             = {Michael F. Barnsley and Lyman P. Hurd},
        ADDRESS            = {Wellesley, MA, USA},
        CHAPTER            = {Fractal modelling of real world images},
        PAGES              = {219-239},
        PUBLISHER          = {AK Peters},
        TITLE              = {Fractal Image Compression},
        YEAR               = {1993},
        ISSN_ISBN          = {1-56881-000-8}
}

@INPROCEEDINGS{Barthel93,
        AUTHOR             = {Kai Uwe Barthel and Thomas Voy\'{e} and Peter Noll},
        ADDRESS            = {Lausanne, Switzerland},
        BOOKTITLE          = pcs93,
        MONTH              = mar,
        PAGES              = {1.5},
        TITLE              = {Improved Fractal Image Coding},
        YEAR               = {1993},
        URL = {ftp://ftp.informatik.uni-freiburg.de/papers/fractal/BaVoNo93.ps.Z}
}

@INPROCEEDINGS{Barthel94a,
        AUTHOR             = {Kai Uwe Barthel and Thomas Voy\'{e}},
        ADDRESS            = {Budapest, Hungary},
        BOOKTITLE          = {Proceedings of the International Workshop on Image Processing},
        MONTH              = jun,
        PAGES              = {33-38},
        SERIES             = {Theory, Methodology, Systems and Applications},
        TITLE              = {Adaptive Fractal Image Coding in the Frequency Domain},
        VOLUME             = {XLV},
        YEAR               = {1994},
        URL = {ftp://ftp.informatik.uni-freiburg.de/papers/fractal/BaVo94.ps.Z}
}

@INPROCEEDINGS{Barthel94b,
        AUTHOR             = {Kai Uwe Barthel and J\"{o}rg Sch\"{u}ttemeyer and Thomas Voy\'{e} and Peter Noll},
        ADDRESS            = {Austin, TX, USA},
        BOOKTITLE          = icip94,
        MONTH              = nov,
        PAGES              = {112-116},
        TITLE              = {A New Image Coding Technique Unifying Fractal and Transform Coding},
        VOLUME             = {III},
        YEAR               = {1994},
        DATE               = {13-16 November},
        URL = {ftp://ftp.informatik.uni-freiburg.de/papers/fractal/BSVN94.ps.Z}
}

@ARTICLE{Barthel95a,
        AUTHOR             = {Kai Uwe Barthel},
        ADDRESS            = {Trondheim, Norway},
        BOOKTITLE          = natofractalasi,
        JOURNAL            = fractals,
        MONTH              = apr,
        PAGES              = {17-26},
        TITLE              = {Entropy Constrained Fractal Image Coding},
        VOLUME             = {5 (Supplementary Issue)},
        YEAR               = {1997},
        URL = {ftp://ftp.informatik.uni-freiburg.de/papers/fractal/Bart95.ps.gz}
}

@INPROCEEDINGS{Barthel95b,
        AUTHOR             = {Kai Uwe Barthel and Thomas Voy\'{e}},
        ADDRESS            = {Washington, D.C., USA},
        BOOKTITLE          = icip95,
        TITLE              = {Three-Dimensional Fractal Video Coding},
        YEAR               = {1995},
        URL = {ftp://ftp.informatik.uni-freiburg.de/papers/fractal/BaVo95.ps.gz}
}

@INPROCEEDINGS{Barthel97,
        AUTHOR             = {K. U. Barthel and S. Brandau and W. Hermesmeier and G. Heising},
        ADDRESS            = {Santa Barbara, CA, USA},
        BOOKTITLE          = icip97,
        MONTH              = oct,
        TITLE              = {Zerotree wavelet coding using fractal prediction},
        YEAR               = {1997},
        URL = {ftp://ftp.Informatik.Uni-Freiburg.DE/documents/papers/fractal/BBHH97.ps.gz}
}

@INPROCEEDINGS{Beaumont90,
        AUTHOR             = {J. M. Beaumont},
        BOOKTITLE          = {Proceedings IEE Colloquium: The Application of Fractal Techniques in Image Processing},
        MONTH              = dec,
        PAGES              = {3.1-3.6},
        TITLE              = {Advances In Block Based Fractal Coding Of Still Pictures},
        YEAR               = {1990}
}

@ARTICLE{Bedford92a,
        AUTHOR             = {T. Bedford and F. M. Dekking and M. S. Keane},
        JOURNAL            = navwisk,
        MONTH              = nov,
        NUMBER             = {3},
        PAGES              = {185-217},
        TITLE              = {Fractal Image Coding Techniques and Contraction Operators},
        VOLUME             = {10},
        YEAR               = {1992},
        ISSN_ISBN          = {ISSN 0028-9825}
}

@INPROCEEDINGS{Belloulata96a,
        AUTHOR             = {Kamel Belloulata and Atilla M. Baskurt and Hugues Benoit-Cattin and R{\'e}my Prost},
        ADDRESS            = {Newport Beach, CA, USA},
        BOOKTITLE          = {Medical Imaging X: Image Display},
        EDITOR             = {Yongmin Kim},
        MONTH              = feb,
        PAGES              = {598-609},
        SERIES             = {SPIE Proceedings},
        TITLE              = {Fractal Coding of Medical Images},
        VOLUME             = {2707},
        YEAR               = {1996}
}

@INPROCEEDINGS{Belloulata96b,
        AUTHOR             = {Kamel Belloulata and Atilla M. Baskurt and Hugues Benoit-Cattin and R{\'e}my Prost},
        ADDRESS            = {Trieste, Italy},
        BOOKTITLE          = eusipco96,
        MONTH              = sep,
        PAGES              = {1167-1170},
        TITLE              = {Fractal Coding of Subbands using an Oriented Partition},
        VOLUME             = {2},
        YEAR               = {1996}
}

@INPROCEEDINGS{Belloulata97a,
        AUTHOR             = {Kamel Belloulata and Atilla Baskurt and R\'emy Prost},
        ADDRESS            = {Munich, Germany},
        BOOKTITLE          = icassp97,
        MONTH              = apr,
        PAGES              = {3121-3124},
        TITLE              = {Fast directional fractal coding of subbands using decision directed clustering for block classification},
        VOLUME             = {4},
        YEAR               = {1997}
}

@ARTICLE{Belloulata97b,
        AUTHOR             = {Kamel Belloulata and Atilla M. Baskurt and Hugues Benoit-Cattin and R{\'e}my Prost},
        JOURNAL            = sigprocimcom,
        NUMBER             = {3},
        PAGES              = {243-252},
        TITLE              = {Fractal Coding of Subbands with an Oriented Partition},
        VOLUME             = {12},
        YEAR               = {1998}
}

@INPROCEEDINGS{Belloulata99,
        AUTHOR             = {K. Belloulata and R. Stasinski and J. Konrad},
        TITLE              = {Region-Based Compression using Fractals and Shape-Adaptive {DCT}},
        BOOKTITLE          = icip99,
        PAGES              = {815-819},
        VOLUME             = {II},
        YEAR               = {1999}
}

@INPROCEEDINGS{Bethel95,
        AUTHOR             = {David M. Bethel and D. M. Monro},
        ADDRESS            = {Detroit, MI, USA},
        BOOKTITLE          = icassp95,
        MONTH              = may,
        PAGES              = {2499-2502},
        TITLE              = {Polynomial image coding with vector quantised compensation},
        VOLUME             = {4},
        YEAR               = {1995},
        URL = {http://dmsun4.bath.ac.uk/papers/icassp95bft.ps.gz}
}

@INPROCEEDINGS{Bethel97,
        AUTHOR             = {D. M. Bethel and D. M. Monro},
        ADDRESS            = {Santa Barbara, CA, USA},
        BOOKTITLE          = icip97,
        MONTH              = oct,
        TITLE              = {Optimum parent pruning in fractal compression},
        YEAR               = {1997},
        URL = {ftp://ftp.informatik.uni-freiburg.de/papers/fractal/BeMo97.ps.gz}
}

@INPROCEEDINGS{Bogdan92,
        AUTHOR             = {Alexandru Bogdan and H.E. Meadows},
        BOOKTITLE          = {Neural and Stochastic Methods in Image and Signal Processing},
        EDITOR             = {Su-Sing Chen},
        MONTH              = jul,
        PAGES              = {425-436},
        SERIES             = {SPIE Proceedings},
        TITLE              = {Kohonen neural network for image coding based on iteration transformation theory},
        VOLUME             = {1766},
        YEAR               = {1992},
        ANNOTE             = {TA1632.N478.1992y},
        URL = {ftp://ftp.ctr.columbia.edu/CTR-Research/advent/public/papers/92/bog92a.ps.gz}
}

@TECHREPORT{Bogdan94a,
        AUTHOR             = {Alexandru Bogdan},
        ADDRESS            = {New York, NY, USA},
        INSTITUTION        = {Columbia University},
        MONTH              = mar,
        NUMBER             = {CU/CTR/TR 358-94-05},
        TITLE              = {Multiscale Fractal Image Coding and the Two-scale Difference Equation},
        YEAR               = {1994},
        URL = {ftp://ftp.ctr.columbia.edu/CTR-Research/advent/public/papers/94/bog94a.ps.Z}
}

@INPROCEEDINGS{Bogdan94b,
        AUTHOR             = {Alexandru Bogdan},
        ADDRESS            = {Austin, TX, USA},
        BOOKTITLE          = icip94,
        MONTH              = nov,
        PAGES              = {760-764},
        TITLE              = {Multiscale (Inter/Intra-Frame) Fractal Video Coding},
        VOLUME             = {I},
        YEAR               = {1994},
        URL = {ftp://ftp.ctr.columbia.edu/CTR-Research/advent/public/papers/94/bog94b.ps.gz}
}

@INPROCEEDINGS{Bogdan95a,
        AUTHOR             = {Alexandru Bogdan},
        ADDRESS            = {Detroit, MI, USA},
        BOOKTITLE          = icassp95,
        MONTH              = {May},
        PAGES              = {2595-2598},
        TITLE              = {The Fractal Pyramid with Application to Image Coding},
        VOLUME             = {4},
        YEAR               = {1995},
        URL = {ftp://ftp.ctr.columbia.edu/CTR-Research/advent/public/papers/95/bog95a.ps.gz}
}

@PHDTHESIS{Bogdan95b,
        AUTHOR             = {Alexandru Bogdan},
        ADDRESS            = {New York, NY, USA},
        SCHOOL             = {Columbia University},
        TITLE              = {Image Coding using Iterative Transformations with Applications to Image Communications},
        YEAR               = {1995}
}

@ARTICLE{Bone95,
        AUTHOR             = {D. J. Bone},
        JOURNAL            = fractals,
        MONTH              = apr,
        PAGES              = {187-199},
        TITLE              = {Orthonormal Fractal Image Encoding Using Overlapping Blocks},
        VOLUME             = {5 (Supplementary Issue)},
        YEAR               = {1997}
}

@INPROCEEDINGS{Bone96,
        AUTHOR             = {Don Bone and Paul Veldkamp and Franklin G. Horowitz},
        BOOKTITLE          = pcs96,
        PAGES              = {209-213},
        TITLE              = {Wavelet Based Image Coding with Interscale Linear Prediction,},
        VOLUME             = {1},
        YEAR               = {1996}
}

@INPROCEEDINGS{Bone97,
        AUTHOR             = {Don Bone},
        ADDRESS            = {Hong Kong},
        BOOKTITLE          = aitc97,
        PAGES              = {192-195},
        TITLE              = {Fractal Based Compression of Multidimensional Images},
        YEAR               = {1997}
}

@CONFERENCE{Bone98,
        AUTHOR             = {Don Bone and Dan Popescu},
        ADDRESS            = {Baden-Baden, Germany},
        BOOKTITLE          = isaviia98,
        MONTH              = aug,
        NOTE               = {Preprint},
        TITLE              = {Image Zooming Using Fractals in the Wavelet Domain},
        YEAR               = {1998}
}

@INPROCEEDINGS{Bonneau95,
        AUTHOR             = {Robert Bonneau},
        BOOKTITLE          = {Wavelet Applications in Signal and Image Processing III},
        EDITOR             = {Andrew F. Laine and Michael A. Unser and Mladen V. Wickerhauser},
        PAGES              = {813-824},
        SERIES             = {SPIE Proceedings},
        TITLE              = {Using the centroid operator for faster multiresolution image compression and pattern recognition},
        VOLUME             = {2569},
        YEAR               = {1995}
}

@INPROCEEDINGS{Bonneau96,
        AUTHOR             = {Robert Bonneau},
        BOOKTITLE          = {Visual Communications and Image Processing '96},
        EDITOR             = {Rashid Ansari and Mark J. Smith},
        JOURNAL            = {Visual Communications and Image Processing '96},
        PAGES              = {560-567},
        SERIES             = {SPIE Proceedings},
        TITLE              = {Multiresolution transform and its application to image coding},
        VOLUME             = {2727},
        YEAR               = {1996}
}

@INCOLLECTION{Boss95,
        AUTHOR             = {R. D. Boss and E. W. Jacobs},
        ADDRESS            = {New York, NY, USA},
        BOOKTITLE          = {Fractal Image Compression: Theory and Application},
        CHAPTER            = {4},
        EDITOR             = {Yuval Fisher},
        PAGES              = {79-90},
        PUBLISHER          = {Springer-Verlag},
        TITLE              = {Archetype Classification in an Iterated Transformation Image Compression Algorithm},
        YEAR               = {1995},
        ISSN_ISBN          = {0-387-94211-4}
}

@ARTICLE{Cabrelli92,
        AUTHOR             = {Carlos A. Cabrelli and Bruno Forte and Ursula M. Molter and Edward R. Vrscay},
        JOURNAL            = jmthanapl,
        MONTH              = nov,
        NUMBER             = {1},
        PAGES              = {79-100},
        TITLE              = {Iterated Fuzzy Set Systems: A New Approach to the Inverse Problem for Fractals and Other Sets},
        VOLUME             = {171},
        YEAR               = {1992}
}

@TECHREPORT{Cabrelli94,
        AUTHOR             = {Carlos A. Cabrelli and Ursula M. Molter},
        INSTITUTION        = {Department of Mathematics, University of Buenos Aires},
        NUMBER             = {78},
        TITLE              = {Generalized Self-Similarity, Wavelets and Image Analysis},
        TYPE               = {Preprint},
        YEAR               = {1994},
        URL = {ftp://ftp.Informatik.Uni-Freiburg.de/papers/fractal/CaMo94.ps.gz}
}

@INPROCEEDINGS{Caso95,
        AUTHOR             = {Gregory Caso and Pere Obrador and C.-C. J. Kuo},
        ADDRESS            = {Taipei, Taiwan},
        BOOKTITLE          = {Visual Communications and Image Processing '95},
        EDITOR             = {Lance T. Wu},
        MONTH              = may,
        PAGES              = {583-594},
        SERIES             = {SPIE Proceedings},
        TITLE              = {Fast methods for fractal image encoding},
        VOLUME             = {2501},
        YEAR               = {1996}
}

@INPROCEEDINGS{Caso96,
        AUTHOR             = {Gregory Caso and C.-C. J. Kuo},
        BOOKTITLE          = {Visual Communications and Image Processing '96},
        EDITOR             = {Rashid Ansari and Mark J. Smith},
        PAGES              = {536-547},
        SERIES             = {SPIE Proceedings},
        TITLE              = {New Results for Fractal/Wavelet Image Compression},
        VOLUME             = {2727},
        YEAR               = {1996}
}

@INPROCEEDINGS{Chang95,
        AUTHOR             = {Hsuan T. Chang and Chung Jung Kuo},
        BOOKTITLE          = {Visual Communications and Image Processing '95},
        EDITOR             = {Lance T. Wu},
        PAGES              = {536-544},
        SERIES             = {SPIE Proceedings},
        TITLE              = {Fractal block coding using a simplified finite-state algorithm},
        VOLUME             = {2501},
        YEAR               = {1996}
}

@INPROCEEDINGS{Chang96,
        AUTHOR             = {Hsuan T. Chang and Chung Jung Kuo},
        ADDRESS            = {Lausanne, Switzerland},
        BOOKTITLE          = icip96,
        MONTH              = sep,
        PAGES              = {133-136},
        TITLE              = {Finite-state fractal block coding of images},
        VOLUME             = {I},
        YEAR               = {1996},
        URL = {ftp://ftp.Informatik.Uni-Freiburg.de/papers/fractal/ChKu96.ps.gz}
}

@INPROCEEDINGS{Chang97,
        AUTHOR             = {Yung-Ching Chang and Bin-Kai Shyu and Jia-Shung Wang},
        ADDRESS            = {Munich, Germany},
        BOOKTITLE          = icassp97,
        MONTH              = apr,
        PAGES              = {3125-3128},
        TITLE              = {Region-based fractal image compression with quadtree segmentation},
        VOLUME             = {4},
        YEAR               = {1997},
        URL = {ftp://ftp.Informatik.Uni-Freiburg.de/papers/fractal/ChShWa97.ps.gz}
}

@INPROCEEDINGS{Chen95,
        AUTHOR             = {Jer-Sen Chen},
        BOOKTITLE          = {Human Vision, Visual Processing, and Digital Display VI},
        EDITOR             = {Bernice E. Rogowitz and Jan P. Allebach},
        PAGES              = {92-99},
        SERIES             = {SPIE Proceedings},
        TITLE              = {Fractal image compression based on visual perception},
        VOLUME             = {2411},
        YEAR               = {1995}
}

@MISC{Cheng95,
        AUTHOR             = {Bing Cheng and Xiaokun Zhu},
        HOWPUBLISHED       = {Submitted to \emph{Signal Processing}},
        JOURNAL            = sigproc,
        NOTE               = {Preprint},
        TITLE              = {Multiresolution Approximation of Fractal Transform},
        YEAR               = {1997},
        URL = {ftp://ftp.Informatik.Uni-Freiburg.de/papers/fractal/ChZh95.ps.gz}
}

@INPROCEEDINGS{Cheong92,
        AUTHOR             = {Cha Keon Cheong and Kiyoharu Aizawa and Takahiro Saito and Mitsutoshi Harori},
        BOOKTITLE          = {Proceedings of the IEEE International Symposium on Circuits and Systems},
        PAGES              = {2461-2464},
        TITLE              = {Structural Edge Detection Based on Fractal Analysis for Image Compression},
        VOLUME             = {5},
        YEAR               = {1992}
}

@TECHREPORT{Ciscar96,
        AUTHOR             = {Guillermo Ciscar},
        INSTITUTION        = {Institut f\"{u}r Informatik, University of Freiburg},
        MONTH              = jun,
        TITLE              = {On entropy coding Fisher's fractal quadtree code},
        YEAR               = {1996},
        URL = {ftp://ftp.Informatik.Uni-Freiburg.de/papers/fractal/Cisc96.ps.gz}
}

@ARTICLE{Clarke93,
        AUTHOR             = {R. J. Clarke and L. M. Linnett},
        JOURNAL            = eleccomeng,
        MONTH              = aug,
        NUMBER             = {4},
        PAGES              = {233-239},
        TITLE              = {Fractals and image representation},
        VOLUME             = {5},
        YEAR               = {1993},
        ISSN_ISBN          = {0954-069}
}

@TECHREPORT{Cochran94,
        AUTHOR             = {Wayne O. Cochran and John C. Hart and Patrick J. Flynn},
        ADDRESS            = {Pullman, WA, USA},
        INSTITUTION        = {Washington State University, School of EECS},
        TITLE              = {Fractal Volume Compression},
        TYPE               = {Internal Report},
        YEAR               = {1994}
}

@ARTICLE{Cochran95,
        AUTHOR             = {Wayne O. Cochran and John C. Hart and Patrick J. Flynn},
        JOURNAL            = ieeevcg,
        MONTH              = oct,
        TITLE              = {Fractal Volume Compression},
        TYPE               = {Internal Report},
        YEAR               = {1995}
}

@INPROCEEDINGS{Cohen96,
        AUTHOR             = {Harvey A. Cohen},
        ADDRESS            = {Lausanne, Switzerland},
        BOOKTITLE          = icip96,
        MONTH              = sep,
        PAGES              = {145-148},
        TITLE              = {Thumbnail-based image coding utilizing the fractal transform},
        VOLUME             = {I},
        YEAR               = {1996},
        URL = {ftp://ftp.Informatik.Uni-Freiburg.de/papers/fractal/Cohe96.ps.gz}
}

@ARTICLE{Culik93b,
        AUTHOR             = {Karel Culik and Simant Dube},
        JOURNAL            = discapmth,
        NUMBER             = {2},
        PAGES              = {85-120},
        TITLE              = {Rational and Affine Expression for Image Description},
        VOLUME             = {41},
        YEAR               = {1993}
}

@ARTICLE{Culik93c,
        AUTHOR             = {Karel Culik and J. Kari},
        JOURNAL            = compagrph,
        NUMBER             = {3},
        PAGES              = {305-313},
        TITLE              = {Image Compression Using Weighted Finite Automata},
        VOLUME             = {17},
        YEAR               = {1993}
}

@CONFERENCE{Davis95a,
        AUTHOR             = {Geoffrey Davis},
        ADDRESS            = {Orlanda, FL, USA},
        BOOKTITLE          = {Wavelet Applications II},
        EDITOR             = {Harold H. Szu},
        MONTH              = apr,
        PAGES              = {141-152},
        SERIES             = {SPIE Proceedings},
        TITLE              = {Self-Quantized Wavelet Subtrees: A Wavelet-Based Theory of Fractal Image Compression},
        VOLUME             = {2491},
        YEAR               = {1995}
}

@CONFERENCE{Davis95b,
        AUTHOR             = {Geoffrey Davis},
        ADDRESS            = {San Diego, CA, USA},
        BOOKTITLE          = {Wavelet Applications in Signal and Image Processing III},
        EDITOR             = {Andrew F. Laine and Michael A. Unser and Mladen V. Wickerhauser},
        MONTH              = jul,
        PAGES              = {294-307},
        SERIES             = {SPIE Proceedings},
        TITLE              = {Adaptive Self-Quantization of Wavelet Subtrees: A Wavelet-Based Theory of Fractal Image Compression},
        VOLUME             = {2569},
        YEAR               = {1995},
        URL = {http://www.cs.dartmouth.edu/~gdavis/papers/spie_sandiego.ps.gz}
}

@CONFERENCE{Davis96a,
        AUTHOR             = {Geoffrey Davis},
        ADDRESS            = {Denver, CO, USA},
        BOOKTITLE          = {Wavelet Applications in Signal and Image Processing IV},
        EDITOR             = {Michael A. Unser and Akram Aldroubi and Andrew F. Laine},
        MONTH              = aug,
        PAGES              = {88-97},
        SERIES             = {SPIE Proceedings},
        TITLE              = {Implicit Image Models in Fractal Image Compression},
        VOLUME             = {2825},
        YEAR               = {1996},
        URL = {http://www.cs.dartmouth.edu/~gdavis/papers/fractal.spie96.ps.gz}
}

@INPROCEEDINGS{Davis96b,
        AUTHOR             = {Geoffrey Davis},
        ADDRESS            = {Atlanta, GA. USA},
        BOOKTITLE          = icassp96,
        PAGES              = {2359-2362},
        TITLE              = {Image compression via adaptive self-quantization of wavelet subtrees},
        YEAR               = {1996}
}

@ARTICLE{Davis98,
        AUTHOR             = {Geoffrey M. Davis},
        JOURNAL            = ieeeimgproc,
        MONTH              = feb,
        NUMBER             = {2},
        PAGES              = {141-154},
        TITLE              = {A Wavelet-Based Analysis of Fractal Image Compression},
        VOLUME             = {7},
        YEAR               = {1998},
        URL = {http://www.cs.dartmouth.edu/~gdavis/papers/ieee.ps.gz}
}

@INPROCEEDINGS{Davoine93,
        AUTHOR             = {Franck Davoine and Etienne Bertin and Jean-Marc Chassery},
        ADDRESS            = {Cannes, France},
        BOOKTITLE          = {Proceedings of the 8th IEEE Workshop on Image and Multidimensional Signal Processing},
        MONTH              = sep,
        PAGES              = {56-57},
        TITLE              = {From Rigidity to Adaptive Tessellations for Fractal Image Compression: Comparative Studies},
        YEAR               = {1993},
        URL = {ftp://ftp.informatik.uni-freiburg.de/papers/fractal/DaBeCh93.ps.Z}
}

@INPROCEEDINGS{Davoine94,
        AUTHOR             = {Franck Davoine and Jean-Marc Chassery},
        ADDRESS            = {Jerusalem, Israel},
        BOOKTITLE          = {Proceedings of the 12th International Conference on Pattern Recognition},
        MONTH              = oct,
        PAGES              = {801-803},
        TITLE              = {Adaptive {Delaunay} Triangulation for Attractor Image Coding},
        YEAR               = {1994},
        URL = {ftp://ftp.informatik.uni-freiburg.de/papers/fractal/DaCh94.ps.Z}
}

@INPROCEEDINGS{Davoine95,
        AUTHOR             = {Franck Davoine and John Svensson and Jean-Marc Chassery},
        ADDRESS            = {Washington, D.C., USA},
        BOOKTITLE          = icip95,
        MONTH              = oct,
        PAGES              = {284-287},
        TITLE              = {A Mixed Triangular and Quadrilateral Partition for Fractal Image Coding},
        VOLUME             = {III},
        YEAR               = {1995},
        URL = {ftp://ftp.Informatik.Uni-Freiburg.de/papers/fractal/DaSvCh95.ps.gz}
}

@ARTICLE{Davoine96,
        AUTHOR             = {Franck Davoine and Marc Antonini and Jean-Marc Chassery and Michel Barlaud},
        JOURNAL            = ieeeimgproc,
        MONTH              = feb,
        NUMBER             = {2},
        PAGES              = {338-346},
        TITLE              = {Fractal Image Compression Based on {Delaunay} Triangulation and Vector Quantization},
        VOLUME             = {5},
        YEAR               = {1996}
}

@TECHREPORT{Dekking95a,
        AUTHOR             = {F. M. Dekking},
        INSTITUTION        = {Faculty of Technical Mathematics and Informatics, Delft University of Technology, Delft, The Netherlands},
        NUMBER             = {95-10},
        TITLE              = {An inequality for pairs of martingales and its application to fractal image coding},
        YEAR               = {1995},
        URL = {ftp://ftp.twi.tudelft.nl/TWI/publications/tech-reports/1995/DUT-TWI-95-10.ps.gz}
}

@TECHREPORT{Dekking95b,
        AUTHOR             = {F. M. Dekking},
        INSTITUTION        = {Faculty of Technical Mathematics and Informatics, Delft University of Technology, Delft, The Netherlands},
        NUMBER             = {95-95},
        TITLE              = {Fractal image coding: some mathematical remarks on its limits and its prospects},
        YEAR               = {1995},
        URL = {ftp://ftp.twi.tudelft.nl/TWI/publications/tech-reports/1995/DUT-TWI-95-95.ps.gz}
}

@ARTICLE{Dettmer92,
        AUTHOR             = {R. Dettmer},
        JOURNAL            = ieerev,
        NUMBER             = {9},
        PAGES              = {323-327},
        TITLE              = {Form and Function: Fractal-Based Image Compression},
        VOLUME             = {38},
        YEAR               = {1992}
}

@INPROCEEDINGS{Domaszewicz93,
        AUTHOR             = {Jaroslaw Domaszewicz and Vinay A. Vaishampayan},
        BOOKTITLE          = {Visual Communications and Image Processing '93},
        EDITOR             = {Barry G. Haskell and Hsueh-Ming Hang},
        PAGES              = {1498-1507},
        SERIES             = {SPIE Proceedings},
        TITLE              = {Structural limitations of self-affine and partially self-affine fractal compression},
        VOLUME             = {2094},
        YEAR               = {1993},
        ANNOTE             = {TA1632.N478.1992y}
}

@INPROCEEDINGS{Domaszewicz94,
        AUTHOR             = {Jaroslaw Domaszewicz and Vinay A. Vaishampayan},
        ADDRESS            = {Austin, TX, USA},
        BOOKTITLE          = icip94,
        MONTH              = nov,
        PAGES              = {127-131},
        TITLE              = {Iterative Collage Coding For Fractal Compression},
        VOLUME             = {III},
        YEAR               = {1994}
}

@INPROCEEDINGS{Domaszewicz96,
        AUTHOR             = {Jaroslaw Domaszewicz and Slawomir Kuklinski and Vinay A. Vaishampayan},
        ADDRESS            = {Lausanne, Switzerland},
        BOOKTITLE          = icip96,
        MONTH              = sep,
        PAGES              = {149-152},
        TITLE              = {Fractal Coding Versus Classified Transform Coding},
        VOLUME             = {I},
        YEAR               = {1996},
        URL = {ftp://ftp.Informatik.Uni-Freiburg.de/papers/fractal/DoKuVa96.ps.gz}
}

@PHDTHESIS{Dudbridge92,
        AUTHOR             = {Frank Dudbridge},
        ADDRESS            = {London, England},
        SCHOOL             = {Imperial College},
        TITLE              = {Image Approximation by Self Affine Fractals},
        YEAR               = {1992},
        URL = {http://www.fmrib.ox.ac.uk./~frank/abstract.html}
}

@CONFERENCE{Dudbridge97c,
        AUTHOR             = {Frank Dudbridge and Yuval Fisher},
        ADDRESS            = {Arcachon, France},
        BOOKTITLE          = fraceng97,
        MONTH              = jun,
        TITLE              = {Attractor optimization in fractal image encoding},
        YEAR               = {1997},
        URL = {http://www.fmrib.ox.ac.uk./~frank/fe97.ps.gz}
}

@INPROCEEDINGS{Dugelay96,
        AUTHOR             = {J.-L Dugelay and E. Polidori and S. Roche},
        ADDRESS            = {Manchester, England},
        BOOKTITLE          = iwisp96,
        MONTH              = nov,
        TITLE              = {Iterated Function Systems for Still Image Processing},
        YEAR               = {1996},
        URL = {ftp://ftp.Informatik.Uni-Freiburg.de/papers/fractal/DuPoRo96.ps.gz}
}

@INPROCEEDINGS{Dugelay97,
        AUTHOR             = {J.-L Dugelay and A. Gersho},
        ADDRESS            = {Santa Barbara, CA, USA},
        BOOKTITLE          = icip97,
        MONTH              = oct,
        TITLE              = {Enhanced fractal image coding by combining IFS and VQ},
        YEAR               = {1997},
        URL = {ftp://ftp.Informatik.Uni-Freiburg.DE/documents/papers/fractal/DuGe97.ps.gz}
}

@ARTICLE{Elton87,
        AUTHOR             = {John H. Elton},
        JOURNAL            = ergthdynsys,
        PAGES              = {481-488},
        TITLE              = {An ergodic theorem for iterated maps},
        VOLUME             = {7},
        YEAR               = {1987}
}

@ARTICLE{Ewing96,
        AUTHOR             = {Gary J. Ewing and Christopher J. Woodruff},
        JOURNAL            = opteng,
        MONTH              = jan,
        NUMBER             = {1},
        PAGES              = {284-288},
        TITLE              = {Comparison of {JPEG} and fractal-based image compression on target acquisition by human observers},
        VOLUME             = {35},
        YEAR               = {1996}
}

@TECHREPORT{Fisher92a,
        AUTHOR             = {Yuval Fisher},
        INSTITUTION        = {Department of Mathematics, Technion Israel Institute of Technology},
        NOTE               = {SIGGRAPH `92 COURSE NOTES},
        NUMBER             = {vol 12 pp 7.1-7.19},
        TITLE              = {Fractal Image Compression},
        YEAR               = {1992},
        URL = {ftp://lyapunov.ucsd.edu/pub/inls-ucsd/fractal_paper.ps.Z}
}

@INPROCEEDINGS{Fisher92b,
        AUTHOR             = {Yuval Fisher and Albert F. Lawrence},
        BOOKTITLE          = {Image Storage and Retrieval Systems},
        EDITOR             = {Albert A. Jamberdino and Wayne Niblack},
        PAGES              = {244-255},
        SERIES             = {SPIE Proceedings},
        TITLE              = {Fractal image compression for mass storage applications},
        VOLUME             = {1662},
        YEAR               = {1992}
}

@INCOLLECTION{Fisher92c,
        AUTHOR             = {Y. Fisher and E. W. Jacobs and R. D. Boss},
        ADDRESS            = {Norwell, MA, USA},
        BOOKTITLE          = {Image and Text Compression},
        CHAPTER            = {2},
        EDITOR             = {James A. Storer},
        PAGES              = {35-61},
        PUBLISHER          = {Kluwer Academic Publishers},
        TITLE              = {Fractal Image Compression Using Iterated Transforms},
        YEAR               = {1992},
        ISSN_ISBN          = {0-7923-9243-4}
}

@INCOLLECTION{Fisher92d,
        AUTHOR             = {Yuval Fisher},
        ADDRESS            = {New York, NY, USA},
        BOOKTITLE          = {Chaos and Fractals: New Frontiers of Science},
        CHAPTER            = {A},
        EDITOR             = {Heinz-Otto Peitgen and Hartmut J\"{u}rgens and Dietmar Saupe},
        PAGES              = {903-919},
        PUBLISHER          = {Springer-Verlag},
        TITLE              = {A Discussion of Fractal Image Compression},
        TYPE               = {appendix},
        YEAR               = {1992},
        ISSN_ISBN          = {0-387-97903-4}
}

@INPROCEEDINGS{Fisher94d,
        AUTHOR             = {Y. Fisher and T.~P. Shen and D. Rogovin},
        ADDRESS            = {San Diego, CA, USA},
        BOOKTITLE          = {Neural and Stochastic Methods in Image and Signal Processing III},
        EDITOR             = {Su-Shing Chen},
        MONTH              = jul,
        PAGES              = {132-143},
        SERIES             = {SPIE Proceedings},
        TITLE              = {Comparison of fractal methods with discrete cosine transform ({DCT}) and wavelets},
        VOLUME             = {2304},
        YEAR               = {1994},
        URL = {http://inls.ucsd.edu/y/Fractals/spie.ps}
}

@INPROCEEDINGS{Fisher94e,
        AUTHOR             = {Yuval Fisher and Daniel N. Rogovin and Tsae-Pyng J. Shen},
        ADDRESS            = {Chicago, IL, USA},
        BOOKTITLE          = {Visual Communications and Image Processing '94},
        EDITOR             = {Aggelos K. Katsaggelos},
        MONTH              = sep,
        PAGES              = {1359-1370},
        SERIES             = {SPIE Proceedings},
        TITLE              = {Fractal (Self-{VQ}) Encoding of Video Sequences},
        VOLUME             = {2308},
        YEAR               = {1994},
        URL = {http://inls.ucsd.edu/y/Fractals/Video/spie.ps.Z}
}

@BOOK{Fisher95a,
        ADDRESS            = {New York, NY, USA},
        EDITOR             = {Yuval Fisher},
        PUBLISHER          = {Springer-Verlag},
        TITLE              = {Fractal Image Compression: Theory and Application},
        YEAR               = {1995},
        ISSN_ISBN          = {0-387-94211-4}
}

@PROCEEDINGS{Fisher97a,
        EDITOR             = {Y. Fisher and F. Dudbridge},
        MONTH              = apr,
        NOTE               = {Proceedings of the 1995 NATO ASI on Fractal Image Encoding and Analysis},
        TITLE              = {Fractals},
        VOLUME             = {5 (Supplementary Issue)},
        YEAR               = {1997}
}

@BOOK{Fisher97b,
        ADDRESS            = {New York, NY, USA},
        EDITOR             = {Yuval Fisher},
        PUBLISHER          = {Springer-Verlag},
        SERIES             = {NATO ASI Series. Series F: Computer and Systems Sciences},
        TITLE              = {Fractal Image Encoding and Analysis},
        VOLUME             = {159},
        YEAR               = {1997},
        ISSN_ISBN          = {3-540-63196-8}
}

@ARTICLE{Forte94a,
        AUTHOR             = {Bruno Forte and Edward Vrscay},
        JOURNAL            = fractals,
        NUMBER             = {3},
        PAGES              = {325-334},
        TITLE              = {Solving the Inverse Problem for Function/Image Approximation using Iterated Function Systems: I Theoretical Basis},
        VOLUME             = {2},
        YEAR               = {1994},
        URL = {ftp://ftp.Informatik.Uni-Freiburg.de/papers/fractal/FoVr94a.ps.gz}
}

@ARTICLE{Forte94b,
        AUTHOR             = {Bruno Forte and Edward Vrscay},
        JOURNAL            = fractals,
        NUMBER             = {3},
        PAGES              = {335-346},
        TITLE              = {Solving the Inverse Problem for Function/Image Approximation using Iterated Function Systems: {II} Algorithms and Computations},
        VOLUME             = {2},
        YEAR               = {1994},
        URL = {ftp://ftp.Informatik.Uni-Freiburg.de/papers/fractal/FoVr94b.ps.gz}
}

@CONFERENCE{Forte95a,
        AUTHOR             = {Bruno Forte and Edward Vrscay},
        ADDRESS            = {Trondheim},
        BOOKTITLE          = natofractalasi,
        MONTH              = jul,
        TITLE              = {Theory of generalized fractal transforms},
        YEAR               = {1995},
        URL = {ftp://ftp.Informatik.Uni-Freiburg.de/papers/fractal/FoVr95b.ps.gz}
}

@TECHREPORT{Frigaard94,
        AUTHOR             = {Carsten Frigaard and Jess Gade and Thomas Hemmingsen and Torben Sand},
        ADDRESS            = {Aalborg, Denmark},
        INSTITUTION        = {Institute for Electronic Systems, Aalborg University},
        NUMBER             = {S701},
        TITLE              = {Image Compression Based on a Fractal Theory},
        TYPE               = {Internal Report},
        YEAR               = {1994},
        URL = {ftp://ftp.informatik.uni-freiburg.de/papers/fractal/FGHS94.ps.gz}
}

@INPROCEEDINGS{Fuchigami96,
        AUTHOR             = {Takahiro Fuchigami and Seichi Yano and Takashi Komatsu and Takahiro Saito},
        ADDRESS            = {Melbourne, Australia},
        BOOKTITLE          = pcs96,
        MONTH              = mar,
        TITLE              = {Fractal Block Coding with Cost-Based Image Partitioning},
        YEAR               = {1996}
}

@CONFERENCE{Goel88,
        AUTHOR             = {B. Goel and S. Kwatra},
        BOOKTITLE          = {IEEE International Conference on Communications},
        PAGES              = {1253-1256},
        TITLE              = {A Data Compression Algorithm for Color Images Based on Run-Length Coding and Fractal Geometry},
        VOLUME             = {3},
        YEAR               = {1988}
}

@ARTICLE{Gotting95,
        AUTHOR             = {Detlef G\"{o}tting and Achim Ibenthal and Rolf-Rainer Grigat},
        ADDRESS            = {Trondheim, Norway},
        BOOKTITLE          = natofractalasi,
        JOURNAL            = fractals,
        MONTH              = apr,
        PAGES              = {65-74},
        TITLE              = {Fractal image coding and magnification using invariant features},
        VOLUME             = {5 (Supplementary Issue)},
        YEAR               = {1997},
        URL = {ftp://ftp.informatik.uni-freiburg.de/papers/fractal/GoIbGr95.ps.gz}
}

@ARTICLE{Graf92,
        AUTHOR             = {S. Graf},
        JOURNAL            = jcmplx,
        NUMBER             = {8},
        PAGES              = {72-78},
        TITLE              = {Barnsley's Scheme for the Fractal Encoding of Images},
        YEAR               = {1992}
}

@ARTICLE{Hamzaoui95,
        AUTHOR             = {Raouf Hamzaoui},
        ADDRESS            = {Trondheim, Norway},
        BOOKTITLE          = natofractalasi,
        JOURNAL            = fractals,
        MONTH              = apr,
        PAGES              = {27-38},
        TITLE              = {Codebook clustering by self-organizing maps for fractal image compression},
        VOLUME             = {5 (Supplementary Issue)},
        YEAR               = {1997},
        URL = {ftp://ftp.informatik.uni-freiburg.de/papers/fractal/Hamz95.ps.gz}
}

@INPROCEEDINGS{Hamzaoui96a,
        AUTHOR             = {Raouf Hamzaoui and Martin M\"{u}ller and Dietmar Saupe},
        ADDRESS            = {Lausanne, Switzerland},
        BOOKTITLE          = icip96,
        MONTH              = sep,
        PAGES              = {153-156},
        TITLE              = {{VQ}-enhanced fractal image compression},
        VOLUME             = {I},
        YEAR               = {1996},
        URL = {ftp://ftp.informatik.uni-freiburg.de/papers/fractal/HaMuSa96a.ps.gz}
}

@INPROCEEDINGS{Hamzaoui96b,
        AUTHOR             = {Raouf Hamzaoui and Martin M\"{u}ller and Dietmar Saupe},
        ADDRESS            = {Loen, Norway},
        BOOKTITLE          = dspw96,
        EDITOR             = {J. M. Lervik and P. Waldemar},
        MONTH              = sep,
        PAGES              = {231-234},
        TITLE              = {Enhancing fractal image compression with Vector Quantization},
        YEAR               = {1996},
        URL = {ftp://ftp.informatik.uni-freiburg.de/papers/fractal/HaMuSa96b.ps.gz}
}

@ARTICLE{Hamzaoui96c,
        AUTHOR             = {Raouf Hamzaoui},
        JOURNAL            = eleclet,
        NUMBER             = {14},
        PAGES              = {1273-1274},
        TITLE              = {A New Decoding Algorithm for Fractal Image Compression},
        VOLUME             = {32},
        YEAR               = {1996},
        URl = {ftp://ftp.Informatik.Uni-Freiburg.de/papers/fractal/Hamz96a.ps.gz}
}

@TECHREPORT{Hamzaoui97b,
        AUTHOR             = {Raouf Hamzaoui},
        INSTITUTION        = {Institut f\"{u}r Informatik, University of Freiburg},
        NUMBER             = {86},
        TITLE              = {Fast Decoding Algorithms for Fractal Image Compression},
        YEAR               = {1996},
        URL = {ftp://ftp.Informatik.Uni-Freiburg.de/papers/fractal/Hamz97a.ps.gz}
}

@INPROCEEDINGS{Hamzaoui97c,
        AUTHOR             = {Raouf Hamzaoui},
        ADDRESS            = {Berlin, Germany},
        BOOKTITLE          = pcs97,
        MONTH              = sep,
        PAGES              = {91-95},
        TITLE              = {Ordered decoding algorithm for fractal image compression},
        YEAR               = {1997},
        URL = {ftp://ftp.Informatik.Uni-Freiburg.de/papers/fractal/Hamz97b.ps.gz}
}

@PHDTHESIS{Hamzaoui97d,
        AUTHOR             = {Raouf Hamzaoui},
        ADDRESS            = {Freiburg, Germany},
        MONTH              = sep,
        SCHOOL             = {Institut f\"{u}r Informatik, University of Freiburg},
        TITLE              = {Encoding and Decoding Complexity Reduction and VQ Aspects of Fractal Image Compression},
        YEAR               = {1997}
}

@ARTICLE{Handy90,
        AUTHOR             = {C. Handy and Giorgio Mantica},
        JOURNAL            = physicad,
        PAGES              = {17-36},
        TITLE              = {Inverse Problems in Fractal Construction: Moment Method Solution},
        VOLUME             = {43},
        YEAR               = {1990}
}

@ARTICLE{Hart94,
        AUTHOR             = {John C. Hart},
        JOURNAL            = ieeecga,
        MONTH              = jul,
        TITLE              = {Fractal image compression and the inverse problem of recurrent iterated function systems},
        YEAR               = {1994}
}

@ARTICLE{Hart95a,
        AUTHOR             = {John C. Hart and Wayne O. Cochran and Patrick J. Flynn},
        ADDRESS            = {Trondheim},
        BOOKTITLE          = natofractalasi,
        JOURNAL            = fractals,
        MONTH              = apr,
        PAGES              = {39-50},
        TITLE              = {Similarity Hashing: A computer vision solution to the inverse problem of linear fractals},
        VOLUME             = {5 (Supplementary Issue)},
        YEAR               = {1997}
}

@INPROCEEDINGS{Hartenstein97,
        AUTHOR             = {Hannes Hartenstein and Dietmar Saupe and Kai-Uwe Barthel},
        ADDRESS            = {Munich, Germany},
        BOOKTITLE          = icassp97,
        MONTH              = apr,
        PAGES              = {2701-2704},
        TITLE              = {{VQ}-Encoding of luminance parameters in fractal coding schemes},
        VOLUME             = {4},
        YEAR               = {1997},
        URl = {ftp://ftp.Informatik.Uni-Freiburg.de/papers/fractal/HaSaBa97.ps.gz}
}

@INPROCEEDINGS{Ho97,
        AUTHOR             = {Hau-Lai Ho and Wai-Kuen Cham},
        ADDRESS            = {Munich, Germany},
        BOOKTITLE          = icassp97,
        MONTH              = apr,
        PAGES              = {2917-2920},
        TITLE              = {Attractor image coding using lapped partitioned iterated function systems},
        VOLUME             = {4},
        YEAR               = {1997}
}

@TECHREPORT{Hollatz91,
        AUTHOR             = {Scott A. Hollatz},
        INSTITUTION        = {Department of Mathematics and Statistics, University of Minnesota - Duluth},
        NUMBER             = {91-2},
        TITLE              = {Digital Image Compression With Two-Dimensional Affine Fractal Interpolation Functions},
        YEAR               = {1991},
        URL = {ftp://hp.uwsuper.edu/pub/fic.tar.Z}
}

@INPROCEEDINGS{Honda97,
        AUTHOR             = {H. Honda and M. Haseyama and H. Kitajima and S. Matsumoto},
        ADDRESS            = {Santa Barbara, CA, USA},
        BOOKTITLE          = icip97,
        MONTH              = oct,
        TITLE              = {Extension of the collage theorem},
        YEAR               = {1997},
        URL = {ftp://ftp.informatik.uni-freiburg.de/papers/fractal/HHKM97.ps.gz}
}

@INPROCEEDINGS{Horowitz96,
        AUTHOR             = {Franklin G. Horowitz and Don Bone and Paul Veldkamp},
        BOOKTITLE          = pcs96,
        PAGES              = {409-413},
        TITLE              = {Karhunen-Loeve Based Iterated Function System Encodings,},
        VOLUME             = {2},
        YEAR               = {1996}
}

@ARTICLE{Hurtgen93a,
        AUTHOR             = {Bernd H\"{u}rtgen},
        JOURNAL            = eleclet,
        MONTH              = sep,
        NUMBER             = {20},
        PAGES              = {1749-1750},
        TITLE              = {Contractivity of fractal transforms for image coding},
        VOLUME             = {29},
        YEAR               = {1993},
        URL = {ftp://ftp.Informatik.Uni-Freiburg.de/papers/fractal/Huer93.ps.gz}
}

@INPROCEEDINGS{Hurtgen93b,
        AUTHOR             = {Bernd H\"{u}rtgen and Frank M\"{u}ller and Christoph Stiller},
        ADDRESS            = {Lausanne, Switzerland},
        BOOKTITLE          = pcs93,
        MONTH              = mar,
        PAGES              = {1.8},
        TITLE              = {Adaptive Fractal Coding of Still Pictures},
        YEAR               = {1993},
        URL = {ftp://ftp.Informatik.Uni-Freiburg.de/papers/fractal/HuMuSt93.ps.gz}
}

@CONFERENCE{Hurtgen93c,
        AUTHOR             = {Bernd H\"{u}rtgen and Peter B\"{u}ttgen},
        ADDRESS            = {Boston, MA, USA},
        BOOKTITLE          = {Visual Communications and Image Processing '93},
        EDITOR             = {Barry G. Haskell and Hsueh-Ming Hang},
        MONTH              = nov,
        PAGES              = {120-131},
        SERIES             = {SPIE Proceedings},
        TITLE              = {Fractal approach to low rate video coding},
        VOLUME             = {2094},
        YEAR               = {1993},
        URL = {ftp://ftp.Informatik.Uni-Freiburg.de/papers/fractal/HuBu93.ps.gz}
}

@CONFERENCE{Hurtgen93d,
        AUTHOR             = {Bernd H\"{u}rtgen and Christoph Stiller},
        ADDRESS            = {Berlin, Germany},
        BOOKTITLE          = {Video Communications and PACS for Medical Applications},
        EDITOR             = {Rudy A. Mattheus and Andre J. Duerinckx and Peter J. van Otterloo},
        MONTH              = apr,
        PAGES              = {397-408},
        SERIES             = {SPIE Proceedings},
        TITLE              = {Fast hierarchical codebook search for fractal coding of still images},
        VOLUME             = {1977},
        YEAR               = {1993},
        URL = {ftp://ftp.Informatik.Uni-Freiburg.de/papers/fractal/HuSt93.ps.gz}
}

@CONFERENCE{Hurtgen94a,
        AUTHOR             = {Bernd H\"{u}rtgen and Thomas Hain},
        ADDRESS            = {Adelaide, Australia},
        BOOKTITLE          = icassp94,
        MONTH              = apr,
        PAGES              = {561-564},
        TITLE              = {On the Convergence of Fractal Transforms},
        VOLUME             = {5},
        YEAR               = {1994},
        URL = {ftp://ftp.Informatik.Uni-Freiburg.de/papers/fractal/HuHa94.ps.gz}
}

@CONFERENCE{Hurtgen94b,
        AUTHOR             = {Bernd H\"{u}rtgen and Stephan F. Simon},
        ADDRESS            = {Austin, TX, USA},
        BOOKTITLE          = icip94,
        MONTH              = nov,
        PAGES              = {103-106},
        TITLE              = {On the Problem of Convergence in Fractal Coding Schemes},
        VOLUME             = {III},
        YEAR               = {1994},
        URL = {ftp://ftp.Informatik.Uni-Freiburg.de/papers/fractal/HuSi94.ps.gz}
}

@CONFERENCE{Hurtgen94d,
        AUTHOR             = {Bernd H\"{u}rtgen and Frank M\"{u}ller},
        ADDRESS            = {Edinburgh, Scotland},
        BOOKTITLE          = eusipco94,
        EDITOR             = {M. J. J. Holt and C. F. N. Cowan and P. M. Grant and W. A. Sandham},
        MONTH              = sep,
        PAGES              = {600-603},
        TITLE              = {Modelling of Fractal Coding Schemes},
        VOLUME             = {1},
        YEAR               = {1994},
        URL = {ftp://ftp.Informatik.Uni-Freiburg.de/papers/fractal/HuMu94.ps.gz}
}

@CONFERENCE{Hurtgen94e,
        AUTHOR             = {Bernd H\"{u}rtgen and Paul Mols and Stephan F. Simon},
        ADDRESS            = {Chicago, IL, USA},
        BOOKTITLE          = {Visual Communications and Image Processing '94},
        EDITOR             = {Aggelos K. Katsaggelos},
        MONTH              = jul,
        PAGES              = {1683-1691},
        SERIES             = {SPIE Proceedings},
        TITLE              = {Fractal transform coding of color images},
        VOLUME             = {2308},
        YEAR               = {1994},
        URL = {ftp://ftp.Informatik.Uni-Freiburg.de/papers/fractal/HuMoSi94.ps.gz}
}

@CONFERENCE{Hurtgen95a,
        AUTHOR             = {Bernd H\"{u}rtgen},
        ADDRESS            = {Detroit, MI, USA},
        BOOKTITLE          = icassp95,
        MONTH              = may,
        PAGES              = {2563-2566},
        TITLE              = {Performance Bounds for Fractal Coding},
        VOLUME             = {4},
        YEAR               = {1995},
        URL = {ftp://ftp.Informatik.Uni-Freiburg.de/papers/fractal/Huer95a.ps.gz}
}

@CONFERENCE{Hurtgen95b,
        AUTHOR             = {Bernd H\"{u}rtgen},
        ADDRESS            = {Washington, D.C., USA},
        BOOKTITLE          = icip95,
        MONTH              = oct,
        PAGES              = {280-283},
        TITLE              = {Statistical evaluation of fractal coding schemes},
        VOLUME             = {III},
        YEAR               = {1995},
        URL = {ftp://ftp.Informatik.Uni-Freiburg.de/papers/fractal/Huer95b.ps.gz}
}

@INPROCEEDINGS{Ibenthal97,
        AUTHOR             = {A. Ibenthal and A. Dicks and R.-R. Grigat},
        ADDRESS            = {Berlin, Germany},
        BOOKTITLE          = pcs97,
        MONTH              = sep,
        TITLE              = {Fourier Domain Measurement of Geometrical Scaling and Rotation Factors for Fractal Image Coding and Motion Compensated Prediction},
        YEAR               = {1997},
        URL = {ftp://ftp.Informatik.Uni-Freiburg.de/papers/fractal/IbDiGr97a.ps.gz}
}

@INPROCEEDINGS{Ida94,
        AUTHOR             = {Takashi Ida},
        ADDRESS            = {Sacramento, CA, USA},
        BOOKTITLE          = pcs94,
        PAGES              = {444-447},
        TITLE              = {Improvement of fractal image coding using new code-decision-criterion},
        YEAR               = {1994}
}

@ARTICLE{Ida95,
        AUTHOR             = {T. Ida and Y. Sambonsugi},
        JOURNAL            = ieeecsvt,
        MONTH              = dec,
        NUMBER             = {6},
        PAGES              = {567-570},
        TITLE              = {Image Segmentation using Fractal Coding},
        VOLUME             = {5},
        YEAR               = {1995}
}

@INPROCEEDINGS{Jacquin90a,
        AUTHOR             = {Arnaud E. Jacquin},
        ADDRESS            = {Alberquerque, NM, USA},
        BOOKTITLE          = icassp90,
        MONTH              = apr,
        PAGES              = {2225-2228},
        TITLE              = {A Novel Fractal Block-Coding Technique for Digital Images},
        VOLUME             = {4},
        YEAR               = {1990}
}

@INPROCEEDINGS{Jacquin90b,
        AUTHOR             = {Arnaud E. Jacquin},
        ADDRESS            = {Lausanne, Switzerland},
        BOOKTITLE          = {Visual Communications and Image Processing '90},
        EDITOR             = {Murat Kunt},
        MONTH              = oct,
        PAGES              = {227-239},
        SERIES             = {SPIE Proceedings},
        TITLE              = {Fractal image coding based on a theory of iterated contractive image transformations},
        VOLUME             = {1360},
        YEAR               = {1990}
}

@ARTICLE{Jacquin92,
        AUTHOR             = {Arnaud E. Jacquin},
        JOURNAL            = ieeeimgproc,
        MONTH              = jan,
        NUMBER             = {1},
        PAGES              = {18-30},
        TITLE              = {Image Coding Based on a Fractal Theory of Iterated Contractive Image Transformations},
        VOLUME             = {1},
        YEAR               = {1992},
        CRINDEX            = {DS621.36705}
}

@ARTICLE{Jacquin93,
        AUTHOR             = {Arnaud E. Jacquin},
        JOURNAL            = ieeeproc,
        MONTH              = oct,
        NUMBER             = {10},
        PAGES              = {1451-1465},
        TITLE              = {Fractal Image Coding: A Review},
        VOLUME             = {81},
        YEAR               = {1993},
        CRINDEX            = {DS621.36705}
}

@INPROCEEDINGS{Jang90,
        AUTHOR             = {Jongwhan Jang and Sarah A. Rajala},
        ADDRESS            = {Alberquerque, NM, USA},
        BOOKTITLE          = icassp90,
        MONTH              = apr,
        PAGES              = {1957-1960},
        TITLE              = {Segmentation Based Image Coding Using Fractals and the Human Visual System},
        VOLUME             = {4},
        YEAR               = {1990}
}

@INPROCEEDINGS{Kang95,
        AUTHOR             = {Hyun-Soo Kang and Seong-Dae Kim},
        ADDRESS            = {Osaka, Japan},
        BOOKTITLE          = apcc95,
        MONTH              = jun,
        PAGES              = {176-179},
        TITLE              = {A fractal-based still image coding},
        VOLUME             = {1},
        YEAR               = {1995}
}

@ARTICLE{Kang96,
        AUTHOR             = {Hyun-Soo Kang and Seong-Dae Kim},
        JOURNAL            = opteng,
        MONTH              = nov,
        NUMBER             = {11},
        PAGES              = {3191-3198},
        TITLE              = {Fractal decoding algorithm for fast convergence},
        VOLUME             = {35},
        YEAR               = {1996}
}

@INPROCEEDINGS{Kaouri91,
        AUTHOR             = {H. A. Kaouri},
        BOOKTITLE          = ieedpsc91,
        PAGES              = {235-239},
        TITLE              = {Fractal Coding of Still Images},
        YEAR               = {1991}
}

@INPROCEEDINGS{Kawamata94,
        AUTHOR             = {Masayuki Kawamata and Masaki Nagahisa and Tatsuo Higuchi},
        ADDRESS            = {Austin, TX, USA},
        BOOKTITLE          = icip94,
        MONTH              = nov,
        PAGES              = {137-141},
        TITLE              = {Multi-resolution Tree Search for Iterated Transformation Theory-Based Coding},
        VOLUME             = {III},
        YEAR               = {1994}
}

@ARTICLE{Keller87,
        AUTHOR             = {James M. Keller and Richard M. Crownover and Robert Yu Chen},
        JOURNAL            = ieeepami,
        MONTH              = sep,
        NUMBER             = {5},
        PAGES              = {621-627},
        TITLE              = {Characteristics of Natural Scenes Related to the Fractal Dimension},
        VOLUME             = {PAMI-9},
        YEAR               = {1987}
}

@INPROCEEDINGS{Kim94,
        AUTHOR             = {Kwon Kim and Rae-Hong Park},
        ADDRESS            = {Austin, TX, USA},
        BOOKTITLE          = icip94,
        MONTH              = nov,
        PAGES              = {132-136},
        TITLE              = {Image Coding Based on Fractal Approximation and Vector Quantization},
        VOLUME             = {III},
        YEAR               = {1994}
}

@ARTICLE{Kim95a,
        AUTHOR             = {Chang-Su Kim and Sang-Uk Lee},
        ADDRESS            = {Trondheim. Norway},
        BOOKTITLE          = natofractalasi,
        JOURNAL            = fractals,
        MONTH              = apr,
        PAGES              = {75-88},
        TITLE              = {Fractal coding of video sequence by circular prediction mapping},
        VOLUME             = {5 (Supplementary Issue)},
        YEAR               = {1997},
        URL = {ftp://ftp.Informatik.Uni-Freiburg.de/papers/fractal/KiLe95.ps.gz}
}

@CONFERENCE{Kim95b,
        AUTHOR             = {Chang-Su Kim and Rin-Chul Kim and Sang-Uk Lee},
        ADDRESS            = {Washington, D.C., USA},
        BOOKTITLE          = icip95,
        MONTH              = oct,
        PAGES              = {268-271},
        TITLE              = {Novel fractal image compression method with non-iterative decoder},
        VOLUME             = {III},
        YEAR               = {1995},
        URL = {ftp://ftp.Informatik.Uni-Freiburg.de/papers/fractal/KiKiLe95.ps.gz}
}

@ARTICLE{Kim96,
        AUTHOR             = {Kwon Kim and Rae-Hong Park},
        ADDRESS            = {Austin, TX, USA},
        BOOKTITLE          = icip94,
        JOURNAL            = ieeeimgproc,
        MONTH              = apr,
        NUMBER             = {4},
        PAGES              = {587-597},
        PUBLISHER          = {IEEE Signal Processing Society},
        TITLE              = {Still Image Coding Based on Vector Quantization and Fractal Approximation},
        VOLUME             = {5},
        YEAR               = {1996}
}

@INPROCEEDINGS{Kim97,
        AUTHOR             = {S. H. Kim and N. C. Kim},
        ADDRESS            = {Santa Barbara, CA, USA},
        BOOKTITLE          = icip97,
        MONTH              = oct,
        TITLE              = {Low bit rate video coding using wavelet-based fractal approximation},
        YEAR               = {1997},
        URL = {ftp://ftp.informatik.uni-freiburg.de/papers/fractal/KiKi97.ps.gz}
}

@CONFERENCE{Kominek95a,
        AUTHOR             = {John Kominek},
        ADDRESS            = {San Jose, CA, USA},
        BOOKTITLE          = {Digital Video Compression: Algorithms and Technologies 1995},
        EDITOR             = {Arturo A. Rodriguez and Robert J. Safranek and Edward J. Delp},
        MONTH              = feb,
        PAGES              = {296-305},
        SERIES             = {SPIE Proceedings},
        TITLE              = {Algorithm for Fast Fractal Image Compression},
        VOLUME             = {2419},
        YEAR               = {1995},
        URL = {ftp://ftp.Informatik.Uni-Freiburg.de/papers/fractal/Komi95a.ps.gz}
}

@CONFERENCE{Kominek95b,
        AUTHOR             = {John Kominek},
        ADDRESS            = {Snowbird, UT, USA},
        BOOKTITLE          = dcc95,
        EDITOR             = {J. A. Storer and M. Cohn},
        MONTH              = mar,
        PAGES              = {242-251},
        TITLE              = {Convergence of Fractal Encoded Images},
        YEAR               = {1995},
        URL = {ftp://ftp.Informatik.Uni-Freiburg.de/papers/fractal/Komi95b.ps.gz}
}

@CONFERENCE{Kominek96a,
        AUTHOR             = {John Kominek},
        ADDRESS            = {San Jose, CA, USA},
        BOOKTITLE          = {Still-Image Compression II},
        EDITOR             = {Robert L. Stevenson and Alexander I. Drukarev and Thomas R. Gardos},
        MONTH              = jan,
        PAGES              = {33-41},
        SERIES             = {SPIE Proceedings},
        TITLE              = {Codebook reduction in fractal image compression},
        VOLUME             = {2669},
        YEAR               = {1995}
}

@INPROCEEDINGS{Krupnik95,
        AUTHOR             = {Hagai Krupnik and David Malah and Ehud Karnin},
        ADDRESS            = {Tel-Aviv, Israel},
        BOOKTITLE          = {Proceedings of the 18th IEEE Convention of Electrical and Electronics Engineers in Israel},
        MONTH              = mar,
        PAGES              = {2.2.2/1-5},
        TITLE              = {Fractal Representation of Images via the Discrete Wavelet Transform},
        YEAR               = {1995},
        URL = {http://inls.ucsd.edu/y/Fractals/hagai_paper.ps.gz}
}

@INPROCEEDINGS{Kuroda95,
        AUTHOR             = {Hideo Kuroda and Dan C. Popescu and Hong Yan},
        ADDRESS            = {Taipei, Taiwan},
        BOOKTITLE          = {Visual Communications and Image Processing '95},
        EDITOR             = {Lance T. Wu},
        JOURNAL            = {Visual Communications and Image Processing '96},
        MONTH              = may,
        PAGES              = {1257-1266},
        SERIES             = {SPIE Proceedings},
        TITLE              = {Fast block matching method for image data compression based on fractal models},
        VOLUME             = {2501},
        YEAR               = {1996}
}

@ARTICLE{Lazar94,
        AUTHOR             = {M. S. Lazar and L. T. Bruton},
        JOURNAL            = ieeecsvt,
        MONTH              = jun,
        NUMBER             = {3},
        PAGES              = {297-308},
        TITLE              = {Fractal Block Coding of Digital Video},
        VOLUME             = {4},
        YEAR               = {1994},
        URL = {http://www-mddsp.enel.ucalgary.ca/Papers/msl94-2.ps.gz}
}

@PHDTHESIS{Lepsoy93,
        AUTHOR             = {Skjalg Leps{\o}y},
        ADDRESS            = {Trondheim, Norway},
        MONTH              = jun,
        SCHOOL             = {The Norwegian Institute of Technology},
        TITLE              = {Attractor Image Compression - Fast Algorithms and Comparisons to Related Techniques},
        YEAR               = {1993},
        ISSN_ISBN          = {82-7119-498-4}
}

@INCOLLECTION{Lepsoy95,
        AUTHOR             = {Skjalg Leps{\o}y and Geir E. {\O}ien},
        ADDRESS            = {New York, NY, USA},
        BOOKTITLE          = {Fractal Image Compression: Theory and Application},
        CHAPTER            = {9},
        EDITOR             = {Yuval Fisher},
        PAGES              = {177-197},
        PUBLISHER          = {Springer-Verlag},
        TITLE              = {Fast Attractor Image Encoding by Adaptive Codebook Clustering},
        YEAR               = {1995},
        ISSN_ISBN          = {0-387-94211-4}
}

@INCOLLECTION{Lepsoy97,
        AUTHOR             = {Skjalg Leps{\o}y and Paolo Carlini and Geir Egil {\O}ien},
        ADDRESS            = {New York, NY, USA},
        BOOKTITLE          = {Fractal Image Encoding and Analysis},
        EDITOR             = {Yuval Fisher},
        PUBLISHER          = {Springer-Verlag},
        SERIES             = {NATO ASI Series. Series F: Computer and Systems Sciences},
        TITLE              = {On fractal compression and vector quantization},
        VOLUME             = {159},
        YEAR               = {1997},
        ISSN_ISBN          = {3-540-63196-8}
}

@ARTICLE{Li93,
        AUTHOR             = {Haibo Li and Mirek Novak and Robert Forchheimer},
        JOURNAL            = opteng,
        MONTH              = jul,
        NUMBER             = {7},
        PAGES              = {1588-1595},
        TITLE              = {Fractal-based image sequence compression scheme},
        VOLUME             = {32},
        YEAR               = {1993}
}

@INPROCEEDINGS{Li96b,
        AUTHOR             = {Jin Li and C.-C. Jay Kuo},
        ADDRESS            = {Lausanne, Switzerland},
        BOOKTITLE          = icip96,
        MONTH              = sep,
        PAGES              = {81-84},
        TITLE              = {Fractal wavelet coding using a rate-distortion constraint},
        VOLUME             = {II},
        YEAR               = {1996}
}

@INPROCEEDINGS{Lin94,
        AUTHOR             = {David W. Lin},
        ADDRESS            = {Austin, TX, USA},
        BOOKTITLE          = icip94,
        MONTH              = nov,
        PAGES              = {117-121},
        TITLE              = {Fractal Image Coding as Generalized Predictive Coding},
        VOLUME             = {III},
        YEAR               = {1994}
}

@INPROCEEDINGS{Lin95,
        AUTHOR             = {H. Lin and A.N. Venetsanopoulos},
        ADDRESS            = {Washington, D.C., USA},
        BOOKTITLE          = icip95,
        MONTH              = oct,
        PAGES              = {596-599},
        TITLE              = {A Pyramid Algorithm for Fast Fractal Image Compression},
        VOLUME             = {III},
        YEAR               = {1995}
}

@INPROCEEDINGS{Lin96,
        AUTHOR             = {Huawu Lin and Anastasios N. Venetsanopoulos},
        BOOKTITLE          = {Visual Communications and Image Processing '96},
        EDITOR             = {Rashid Ansari and Mark J. Smith},
        JOURNAL            = {Visual Communications and Image Processing '96},
        PAGES              = {1394-1399},
        SERIES             = {SPIE Proceedings},
        TITLE              = {Perceptually lossless fractal image compression},
        VOLUME             = {2727},
        YEAR               = {1996}
}

@INPROCEEDINGS{Liu93a,
        AUTHOR             = {Ying Liu},
        BOOKTITLE          = {Image Modeling},
        EDITOR             = {Lawrence A. Ray and James R. Sullivan},
        PAGES              = {52-68},
        SERIES             = {SPIE Proceedings},
        TITLE              = {Fractal equations and their solutions},
        VOLUME             = {1904},
        YEAR               = {1993},
        ANNOTE             = {TA1632.N478.1992y}
}

@INPROCEEDINGS{Liu93b,
        AUTHOR             = {Ying Liu},
        BOOKTITLE          = {Science of Artificial Neural Networks II},
        EDITOR             = {Dennis W. Ruck},
        PAGES              = {255-268},
        SERIES             = {SPIE Proceedings},
        TITLE              = {Extensions of fractal theory},
        VOLUME             = {1966},
        YEAR               = {1993},
        ANNOTE             = {TA1632.N478.1992y}
}

@INPROCEEDINGS{Liu94,
        AUTHOR             = {Ying Liu},
        BOOKTITLE          = {Hybrid Image and Signal Processing IV},
        EDITOR             = {David P. Casasent and Andrew G. Tescher},
        PAGES              = {92-106},
        SERIES             = {SPIE Proceedings},
        TITLE              = {Unification of several image compression methods},
        VOLUME             = {2238},
        YEAR               = {1994},
        ANNOTE             = {TA1632.N478.1992y}
}

@INPROCEEDINGS{Liu95a,
        AUTHOR             = {Ying Liu},
        BOOKTITLE          = {Still-Image Compression},
        EDITOR             = {Majid Rabbani and Edward J. Delp and Sarah A. Rajala},
        PAGES              = {48-59},
        SERIES             = {SPIE Proceedings},
        TITLE              = {Solution of fractal equation},
        VOLUME             = {2418},
        YEAR               = {1995}
}

@INPROCEEDINGS{Liu95b,
        AUTHOR             = {Ying Liu},
        BOOKTITLE          = {Visual Information Processing IV},
        EDITOR             = {Friedrich O. Huck and Richard D. Juday},
        PAGES              = {135-149},
        SERIES             = {SPIE Proceedings},
        TITLE              = {Image block coding using exact solutions of fractal equations},
        VOLUME             = {2488},
        YEAR               = {1995}
}

@INPROCEEDINGS{Loew96,
        AUTHOR             = {Murray H. Loew and Dunling Li and Raymond L. Pickholtz},
        BOOKTITLE          = {Medical Imaging 1996: Image Display},
        EDITOR             = {Yongmin Kim},
        PAGES              = {284-293},
        SERIES             = {SPIE Proceedings},
        TITLE              = {Adaptive PIFS model in fractal image compression},
        VOLUME             = {2707},
        YEAR               = {1996}
}

@ARTICLE{Lonardi99,
        AUTHOR             = {S.Lonardi and P.Sommaruga},
        TITLE              = {Fractal Image Approximation and Orthogonal Bases},
        JOURNAL            = sigprocimcom,
        YEAR               = {1999},
        MONTH              = mar,
        VOLUME             = {15},
        NUMBER             = {4},
        PAGES              = {413-423},
        PUBLISHER          = {Elsevier},
        URL                = {http://www.cs.purdue.edu/homes/stelo/papers/imco.ps.gz}
}

@ARTICLE{Lu94a,
        AUTHOR             = {Guojun Lu and Toon-Lin Yew},
        JOURNAL            = eleclet,
        MONTH              = jan,
        NUMBER             = {1},
        PAGES              = {23-24},
        TITLE              = {Image Compression Using Quadtree Partitioned Iterated Function Systems},
        VOLUME             = {30},
        YEAR               = {1994}
}

@INPROCEEDINGS{Lu94b,
        AUTHOR             = {Guojun Lu and Toon-Lin Yew},
        ADDRESS            = {San Jose, CA, USA},
        BOOKTITLE          = {Image and Video Compression},
        EDITOR             = {Majid Rabbani and Robert J. Safranek},
        MONTH              = feb,
        PAGES              = {122-133},
        SERIES             = {SPIE Proceedings},
        TITLE              = {Image Compression Using Partitioned Iterated Function Systems},
        VOLUME             = {2186},
        YEAR               = {1994}
}

@BOOK{Lu97,
        AUTHOR             = {Ning Lu},
        ADDRESS            = {San Diego, CA, USA},
        PUBLISHER          = {Academic Press},
        TITLE              = {Fractal Imaging},
        YEAR               = {1997},
        ISSN_ISBN          = {0-12-458010-6}
}

@INCOLLECTION{Lundheim95,
        AUTHOR             = {Lars M. Lundheim},
        ADDRESS            = {New York, NY, USA},
        BOOKTITLE          = {Fractal Image Compression: Theory and Application},
        CHAPTER            = {7},
        EDITOR             = {Yuval Fisher},
        PAGES              = {137-151},
        PUBLISHER          = {Springer-Verlag},
        TITLE              = {A Discrete Framework for Fractal Signal Modeling},
        YEAR               = {1995},
        ISSN_ISBN          = {0-387-94211-4}
}

@INPROCEEDINGS{Mazel91,
        AUTHOR             = {David S. Mazel and Monson H. Hayes},
        ADDRESS            = {Toronto, Canada},
        BOOKTITLE          = icassp91,
        MONTH              = may,
        PAGES              = {3393-3396},
        TITLE              = {Hidden-Variable Fractal Interpolation of Discrete Sequences},
        YEAR               = {1991}
}

@ARTICLE{Mazel92,
        AUTHOR             = {David S. Mazel and Monson H. Hayes},
        JOURNAL            = ieeesigproc,
        MONTH              = jul,
        NUMBER             = {7},
        PAGES              = {1724-1734},
        TITLE              = {Using Iterated Function Systems to Model Discrete Sequences},
        VOLUME             = {40},
        YEAR               = {1992}
}

@ARTICLE{Monro92a,
        AUTHOR             = {Donald M. Monro and Frank Dudbridge},
        JOURNAL            = eleclet,
        MONTH              = may,
        NUMBER             = {11},
        PAGES              = {1053-1055},
        TITLE              = {Fractal Block Coding of Images},
        VOLUME             = {28},
        YEAR               = {1992}
}

@INPROCEEDINGS{Monro92b,
        AUTHOR             = {Donald M. Monro and Frank Dudbridge},
        ADDRESS            = {San Francisco, CA, USA},
        BOOKTITLE          = icassp92,
        MONTH              = mar,
        PAGES              = {485-488},
        TITLE              = {Fractal Approximation of Image Blocks},
        VOLUME             = {3},
        YEAR               = {1992},
        URL = {http://dmsun2.bath.ac.uk:8080/people/papers/assp92.ps.gz}
}

@INPROCEEDINGS{Monro93a,
        AUTHOR             = {Donald M. Monro},
        BOOKTITLE          = icassp93,
        PAGES              = {169-172},
        TITLE              = {A Hybrid Fractal Transform},
        VOLUME             = {5},
        YEAR               = {1993},
        URL = {http://dmsun2.bath.ac.uk:8080/people/papers/assp93.ps.gz}
}

@ARTICLE{Monro93b,
        AUTHOR             = {Donald M. Monro},
        JOURNAL            = eleclet,
        MONTH              = feb,
        NUMBER             = {4},
        PAGES              = {362-363},
        TITLE              = {Class of Fractal Transforms},
        VOLUME             = {29},
        YEAR               = {1993}
}

@INPROCEEDINGS{Monro93c,
        AUTHOR             = {Donald M. Monro},
        ADDRESS            = {Snowbird, UT, USA},
        BOOKTITLE          = dcc93,
        EDITOR             = {James A. Storer and Martin Cohn},
        MONTH              = apr,
        PAGES              = {254-261},
        TITLE              = {Generalized Fractal Transforms: Complexity Issues},
        YEAR               = {1993},
        DATE               = {March 30 - April 2, 1993},
        SIGNATURE          = {IEEE Catalog Number 93TH0536-3},
        ISSN_ISBN          = {0-8186-3392-1}
}

@INPROCEEDINGS{Monro94a,
        AUTHOR             = {Donald M. Monro and Stuart J. Woolley},
        ADDRESS            = {Adelaide, Australia},
        BOOKTITLE          = icassp94,
        MONTH              = apr,
        PAGES              = {557-560},
        TITLE              = {Fractal image compression without searching},
        VOLUME             = {5},
        YEAR               = {1994},
        URL = {http://dmsun2.bath.ac.uk:8080/people/papers/bft94.ps.gz}
}

@ARTICLE{Monro94b,
        AUTHOR             = {Donald M. Monro and Jeremy A. Nicholls},
        JOURNAL            = fractals,
        NUMBER             = {6},
        PAGES              = {39-42},
        TITLE              = {Real Time Fractal Video For Personal Communications},
        VOLUME             = {2},
        YEAR               = {1994}
}

@CONFERENCE{Monro94c,
        AUTHOR             = {Donald M. Monro and Stuart J. Woolley},
        ADDRESS            = {Hong Kong},
        BOOKTITLE          = issipnn94,
        MONTH              = apr,
        PAGES              = {168-171},
        TITLE              = {Rate/Distortion in Fractal Compression: Order of Transform and Block Symmetries},
        VOLUME             = {1},
        YEAR               = {1994},
        DATE               = {13-16 April 1994},
        ISSN_ISBN          = {0-7803-1865-X}
}

@ARTICLE{Monro95a,
        AUTHOR             = {Donald M. Monro and Frank Dudbridge},
        JOURNAL            = ieeecga,
        MONTH              = jan,
        NUMBER             = {1},
        PAGES              = {32-41},
        TITLE              = {Rendering Algorithms for Deterministic Fractals},
        VOLUME             = {15},
        YEAR               = {1995}
}

@INPROCEEDINGS{Moon95,
        AUTHOR             = {Yong H. Moon and Kyung S. Son and Hyung S. Kim and Yoon S. Kim and Jae H. Kim},
        BOOKTITLE          = {Still-Image Compression},
        EDITOR             = {Majid Rabbani and Edward J. Delp and Sarah A. Rajala},
        PAGES              = {60-66},
        SERIES             = {SPIE Proceedings},
        TITLE              = {Fractal image compression using human visual system},
        VOLUME             = {2418},
        YEAR               = {1995}
}

@INPROCEEDINGS{Nebot96,
        AUTHOR             = {J. Prades Nebot and A. Albiol},
        ADDRESS            = {Loen, Norway},
        BOOKTITLE          = dspw96,
        EDITOR             = {J. M. Lervik and P. Waldemar},
        MONTH              = sep,
        PAGES              = {77-80},
        TITLE              = {Fractal and linear pyramids},
        YEAR               = {1996}
}

@INPROCEEDINGS{Novak93a,
        AUTHOR             = {Mirek Novak},
        ADDRESS            = {Lausanne, Switzerland},
        BOOKTITLE          = pcs93,
        MONTH              = mar,
        PAGES              = {15.6},
        TITLE              = {Attractor Coding of Images},
        YEAR               = {1993},
        URL = {ftp://ftp.informatik.uni-freiburg.de/papers/fractal/Nova93b.ps.Z}
}

@MISC{Novak93b,
        AUTHOR             = {Mirek Novak},
        ADDRESS            = {Link\"{o}ping, Sweden},
        HOWPUBLISHED       = {Licentiate dissertation, Link\"{o}ping University, Link\"{o}ping, Sweden},
        MONTH              = may,
        TITLE              = {Attractor Coding of Images},
        YEAR               = {1993},
        ISSN_ISBN          = {91-7871-126-6},
        URL = {ftp://ftp.informatik.uni-freiburg.de/papers/fractal/Nova93a.ps.Z}
}

@INPROCEEDINGS{Obrador95,
        AUTHOR             = {Pere Obrador and Gregory Caso and C.-C. J. Kuo},
        BOOKTITLE          = {Still-Image Compression},
        EDITOR             = {Majid Rabbani and Edward J. Delp and Sarah A. Rajala},
        PAGES              = {36-47},
        SERIES             = {SPIE Proceedings},
        TITLE              = {A fractal-based method for textured image compression},
        VOLUME             = {2418},
        YEAR               = {1995}
}

@INPROCEEDINGS{Oien91,
        AUTHOR             = {Geir E. {\O}ien and Skjalg Leps{\o}y and Tor A. Ramstad},
        ADDRESS            = {Toronto, Canada},
        BOOKTITLE          = icassp91,
        MONTH              = may,
        PAGES              = {2773-2776},
        TITLE              = {An Inner Product Space Approach to Image Coding by Contractive Transformations},
        VOLUME             = {4},
        YEAR               = {1991}
}

@INPROCEEDINGS{Oien94a,
        AUTHOR             = {Geir E. {\O}ien},
        ADDRESS            = {Austin, TX, USA},
        BOOKTITLE          = icip94,
        MONTH              = nov,
        PAGES              = {142-146},
        TITLE              = {Parameter Quantization in Fractal Image Coding},
        VOLUME             = {III},
        YEAR               = {1994}
}

@INPROCEEDINGS{Oien94b,
        AUTHOR             = {Geir E. {\O}ien and Zachi Baharav and Skjalg Leps{\o}y and Ehud Karnin and David Malah},
        ADDRESS            = {Adelaide, Australia},
        BOOKTITLE          = icassp94,
        MONTH              = apr,
        PAGES              = {565-568},
        TITLE              = {A New Improved Collage Theorem With Applications to Multiresolution Fractal Image Coding},
        VOLUME             = {5},
        YEAR               = {1994},
        URL = {ftp://ftp.informatik.uni-freiburg.de/papers/fractal/OBLMK94.ps.Z}
}

@INCOLLECTION{Oien95,
        AUTHOR             = {Geir E. {\O}ien and Skjalg Leps{\o}y},
        ADDRESS            = {New York, NY, USA},
        BOOKTITLE          = {Fractal Image Compression: Theory and Application},
        CHAPTER            = {8},
        EDITOR             = {Yuval Fisher},
        PAGES              = {153-175},
        PUBLISHER          = {Springer-Verlag},
        TITLE              = {A Class of Fractal Image Coders with Fast Decoder Convergence},
        YEAR               = {1995},
        ISSN_ISBN          = {0-387-94211-4}
}

@INPROCEEDINGS{Oien96,
        AUTHOR             = {G. E. Oien and R. Hamzaoui and D. Saupe},
        ADDRESS            = {Espoo, Finland},
        BOOKTITLE          = norsig96,
        MONTH              = sep,
        TITLE              = {On the limitations of fractal image texture coding},
        YEAR               = {1996},
        URL = {ftp://ftp.Informatik.Uni-Freiburg.DE/documents/papers/fractal/OiHaSa96.ps.gz}
}

@BOOK{Peitgen88,
        ADDRESS            = {New York, NY, USA},
        EDITOR             = {Peitgen, Heinz-Otto and Saupe, Dietmar},
        PUBLISHER          = {Springer-Verlag},
        TITLE              = {The Science of Fractal Images},
        YEAR               = {1988},
        CRINDEX            = {516.15SCIE},
        LOCATION           = {UCT library, barcode 198801941501},
        ISSN_ISBN          = {ISBN 0-387-96608-0}
}

@BOOK{Peitgen92a,
        AUTHOR             = {Heinz-Otto Peitgen and Hartmut J\"{u}rgens and Dietmar Saupe},
        ADDRESS            = {New York, NY, USA},
        BOOKTITLE          = {Chaos and Fractals: New Frontiers of Science},
        CHAPTER            = {5},
        PAGES              = {229-296},
        PUBLISHER          = {Springer-Verlag},
        TITLE              = {Chaos and Fractals: New Frontiers of Science},
        YEAR               = {1992},
        ISSN_ISBN          = {0-387-97903-4}
}

@INCOLLECTION{Peitgen92b,
        AUTHOR             = {Heinz-Otto Peitgen and Hartmut J\"{u}rgens and Dietmar Saupe},
        ADDRESS            = {New York, NY, USA},
        BOOKTITLE          = {Chaos and Fractals: New Frontiers of Science},
        CHAPTER            = {5},
        PAGES              = {229-296},
        PUBLISHER          = {Springer-Verlag},
        TITLE              = {Encoding Images By Simple Transformations},
        YEAR               = {1992},
        ISSN_ISBN          = {0-387-97903-4}
}

@ARTICLE{Pentland84,
        AUTHOR             = {Alex P. Pentland},
        JOURNAL            = ieeepami,
        MONTH              = nov,
        NUMBER             = {6},
        PAGES              = {661-674},
        TITLE              = {Fractal-Based Description of Natural Scenes},
        VOLUME             = {PAMI-6},
        YEAR               = {1984}
}

@INPROCEEDINGS{Pentland91,
        AUTHOR             = {Alexander P. Pentland and Bradley Horowitz},
        BOOKTITLE          = {Visual Communications and Image Processing '91},
        EDITOR             = {Kou-Hu Tzou and Toshio Koga},
        PAGES              = {467-474},
        SERIES             = {SPIE Proceedings},
        TITLE              = {Practical approach to fractal-based image compression},
        VOLUME             = {1605},
        YEAR               = {1991}
}

@ARTICLE{Polidori95,
        AUTHOR             = {Eric Polidori and Jean-Luc Dugelay},
        ADDRESS            = {Trondheim, Norway},
        BOOKTITLE          = natofractalasi,
        JOURNAL            = fractals,
        MONTH              = apr,
        PAGES              = {111-123},
        TITLE              = {Zooming using Iterated Function Systems},
        VOLUME             = {5 (Supplementary Issue)},
        YEAR               = {1997},
        URL = {ftp://ftp.Informatik.Uni-Freiburg.de/papers/fractal/PoDu95.ps.gz}
}

@ARTICLE{Popescu93,
        AUTHOR             = {Dan C. Popescu and Hong Yan},
        JOURNAL            = mri,
        NUMBER             = {5},
        PAGES              = {727-732},
        TITLE              = {{MR} Image Compression using Iterated Function Systems},
        VOLUME             = {11},
        YEAR               = {1993}
}

@ARTICLE{Popescu95,
        AUTHOR             = {Dan C. Popescu and Hong Yan},
        JOURNAL            = jelecimag,
        MONTH              = jan,
        NUMBER             = {1},
        PAGES              = {23-30},
        TITLE              = {Fractal-based method for color image compression},
        VOLUME             = {4},
        YEAR               = {1995}
}

@ARTICLE{Popescu97a,
        AUTHOR             = {Dan C. Popescu and Alex Dimca and Hong Yan},
        JOURNAL            = ieeeimgproc,
        MONTH              = mar,
        NUMBER             = {3},
        PAGES              = {373-382},
        TITLE              = {A Nonlinear Model for Fractal Image Coding},
        VOLUME             = {6},
        YEAR               = {1997}
}

@CONFERENCE{Popescu97b,
        AUTHOR             = {Dan Popescu and Don Bone},
        ADDRESS            = {Arcachon France},
        BOOKTITLE          = fraceng97,
        MONTH              = jun,
        TITLE              = {Permutation based fractal image coding},
        YEAR               = {1997}
}

@CONFERENCE{Puate96,
        AUTHOR             = {J. Puate and F. Jordan},
        ADDRESS            = {Boston, MA, USA},
        BOOKTITLE          = {Video Techniques and Software for Full-Service Networks},
        MONTH              = nov,
        PAGES              = {108-118},
        SERIES             = {SPIE Proceedings},
        TITLE              = {Using fractal compression scheme to embed a digital signature into an image},
        VOLUME             = {2915},
        YEAR               = {1996}
}

@INPROCEEDINGS{Ratnakar94,
        AUTHOR             = {Viresh Ratnakar and Ephraim Feig and Prasoon Tiwari},
        BOOKTITLE          = {Visual Communications and Image Processing '94},
        EDITOR             = {Aggelos K. Katsaggelos},
        PAGES              = {448-454},
        SERIES             = {SPIE Proceedings},
        TITLE              = {Fractal-based hybrid compression schemes},
        VOLUME             = {2308},
        YEAR               = {1994},
        ANNOTE             = {TA1632.N478.1992y}
}

@INPROCEEDINGS{Redmill96,
        AUTHOR             = {David W. Redmill and David R. Bull and Ralph R. Martin},
        BOOKTITLE          = {Visual Communications and Image Processing '96},
        EDITOR             = {Rashid Ansari and Mark J. Smith},
        JOURNAL            = {Visual Communications and Image Processing '96},
        PAGES              = {1367-1376},
        SERIES             = {SPIE Proceedings},
        TITLE              = {Genetic algorithms for fast search in fractal image coding},
        VOLUME             = {2727},
        YEAR               = {1996}
}

@INPROCEEDINGS{Reusens93,
        AUTHOR             = {Emmanuel Reusens},
        ADDRESS            = {Boston, MA, USA},
        BOOKTITLE          = {Visual Communications and Image Processing '93},
        EDITOR             = {Barry G. Haskell and Hsueh-Ming Hang},
        MONTH              = nov,
        PAGES              = {132-140},
        SERIES             = {SPIE Proceedings},
        TITLE              = {Sequence Coding based on the Fractal Theory of Iterated Transformations Systems},
        VOLUME             = {2094},
        YEAR               = {1993},
        URL = {ftp://ftp.Informatik.Uni-Freiburg.de/papers/fractal/Reus93.ps.gz}
}

@CONFERENCE{Reusens94a,
        AUTHOR             = {Emmanuel Reusens},
        ADDRESS            = {Adelaide, Australia},
        BOOKTITLE          = icassp94,
        MONTH              = apr,
        PAGES              = {569-572},
        TITLE              = {Overlapped Adaptive Partitioning for Image Coding Based on the Theory of Iterated Functions Systems},
        VOLUME             = {5},
        YEAR               = {1994},
        URL = {ftp://ftp.Informatik.Uni-Freiburg.de/papers/fractal/Reus94a.ps.gz}
}

@CONFERENCE{Reusens94b,
        AUTHOR             = {Emmanuel Reusens},
        ADDRESS            = {Edinburgh, Scotland},
        BOOKTITLE          = eusipco94,
        MONTH              = sep,
        PAGES              = {171-174},
        TITLE              = {Partitioning Complexity Issue for Iterated Functions Systems based Image Coding},
        VOLUME             = {1},
        YEAR               = {1994},
        URL = {ftp://ftp.Informatik.Uni-Freiburg.de/papers/fractal/Reus94b.ps.gz}
}

@INPROCEEDINGS{Rinaldo94,
        AUTHOR             = {Roberto Rinaldo and Giancarlo Calvagno},
        ADDRESS            = {Austin, TX, USA},
        BOOKTITLE          = icip94,
        MONTH              = nov,
        PAGES              = {878-882},
        TITLE              = {An Image Coding Scheme Using Block Prediction of the Pyramid Subband Decomposition},
        VOLUME             = {II},
        YEAR               = {1994},
        DATE               = {13-16 November},
        URL = {ftp://ftp.informatik.uni-freiburg.de/papers/fractal/RiCa94.ps.gz}
}

@ARTICLE{Rinaldo95,
        AUTHOR             = {Roberto Rinaldo and Giancarlo Calvagno},
        JOURNAL            = ieeeimgproc,
        MONTH              = jul,
        NUMBER             = {7},
        PAGES              = {909-920},
        TITLE              = {Image Coding by Block Prediction of Multiresolution Subimages},
        VOLUME             = {4},
        YEAR               = {1995},
        URL = {ftp://ftp.informatik.uni-freiburg.de/papers/fractal/RiCa95.ps.gz}
}

@INPROCEEDINGS{Roche96,
        AUTHOR             = {S. Roche and J.-L. Dugelay and R. Molva},
        ADDRESS            = {Lausanne, Switzerland},
        BOOKTITLE          = icip96,
        MONTH              = sep,
        PAGES              = {235-238},
        TITLE              = {Multi-resolution access control algorithm based on fractal coding},
        VOLUME             = {III},
        YEAR               = {1996},
        URL = {ftp://ftp.informatik.uni-freiburg.de/papers/fractal/RoDuMo96.ps.gz}
}

@INPROCEEDINGS{Ruhl97a,
        AUTHOR             = {Matthias Ruhl and Hannes Hartenstein},
        ADDRESS            = {Snowbird, UT, USA},
        BOOKTITLE          = dcc97,
        MONTH              = mar,
        PAGES              = {261-270},
        TITLE              = {Optimal Fractal Coding is {NP}-Hard},
        YEAR               = {1997},
        URL = {ftp://ftp.informatik.uni-freiburg.de/papers/fractal/RuHa97a.ps.gz}
}

@INPROCEEDINGS{Ruhl97b,
        AUTHOR             = {Matthias Ruhl and Hannes Hartenstein and Dietmar Saupe},
        ADDRESS            = {Santa Barbara, CA, USA},
        BOOKTITLE          = icip97,
        MONTH              = oct,
        PAGES              = {310-313},
        TITLE              = {Adaptive Partitionings for Fractal Image Compression},
        VOLUME             = {II},
        YEAR               = {1997},
        URL = {ftp://ftp.Informatik.Uni-Freiburg.de/papers/fractal/RuHaSa97.ps.gz}
}

@INPROCEEDINGS{Ruhl97c,
        AUTHOR             = {M. Ruhl and H. Hartenstein and D. Saupe},
        ADDRESS            = {Santa Barbara, CA, USA},
        BOOKTITLE          = icip97,
        MONTH              = oct,
        TITLE              = {Adaptive Partitionings for Fractal Image Compression},
        YEAR               = {1997},
        URL = {ftp://ftp.Informatik.Uni-Freiburg.DE/documents/papers/fractal/RuHaSa97.ps.gz}
}

@TECHREPORT{Saupe94a,
        AUTHOR             = {Dietmar Saupe},
        ADDRESS            = {Freiburg, Germany},
        INSTITUTION        = {Institut f\"{u}r Informatik, University of Freiburg},
        NUMBER             = {53},
        TITLE              = {Breaking the Time Complexity of Fractal Image Compression},
        YEAR               = {1994},
        URL = {ftp://ftp.informatik.uni-freiburg.de/papers/fractal/Saup94a.ps.Z}
}

@INPROCEEDINGS{Saupe95a,
        AUTHOR             = {Dietmar Saupe and Raouf Hamzaoui},
        ADDRESS            = {Oxford, England},
        BOOKTITLE          = {Proceedings of the IMA Conference on Image Processing: Mathematical Methods and Applications},
        EDITOR             = {J. M. Blackledge},
        INSTITUTION        = {Institut f\"{u}r Informatik, Universit\"{a}t Freiburg},
        MONTH              = sep,
        PAGES              = {211-229},
        TITLE              = {Complexity Reduction Methods for Fractal Image Compression},
        YEAR               = {1994},
        URL = {ftp://ftp.informatik.uni-freiburg.de/papers/fractal/SaHa95a.ps.gz}
}

@INPROCEEDINGS{Saupe95b,
        AUTHOR             = {Dietmar Saupe},
        ADDRESS            = {Snowbird, UT, USA},
        BOOKTITLE          = dcc95,
        EDITOR             = {J. A. Storer and M. Cohn},
        MONTH              = mar,
        PAGES              = {222-231},
        TITLE              = {Accelerating Fractal Image Compression by Multi-dimensional Nearest Neighbor Search},
        YEAR               = {1995},
        URL = {ftp://ftp.informatik.uni-freiburg.de/papers/fractal/Saup95a.ps.gz}
}

@CONFERENCE{Saupe95c,
        AUTHOR             = {Dietmar Saupe},
        ADDRESS            = {Trondheim, Norway},
        BOOKTITLE          = natofractalasi,
        MONTH              = jul,
        TITLE              = {Fractal image compression via nearest neighbor search},
        YEAR               = {1995},
        URL = {ftp://ftp.Informatik.Uni-Freiburg.de/papers/fractal/Saup95b.ps.gz}
}

@INPROCEEDINGS{Saupe96a,
        AUTHOR             = {Dietmar Saupe},
        ADDRESS            = {San Jose, CA, USA},
        BOOKTITLE          = {Still-Image Compression II},
        EDITOR             = {Robert L. Stevenson and Alexander I. Drukarev and Thomas R. Gardos},
        MONTH              = jan,
        PAGES              = {150-157},
        SERIES             = {SPIE Proceedings},
        TITLE              = {Lean domain pools for fractal image compression},
        VOLUME             = {2669},
        YEAR               = {1996},
        URL = {ftp://ftp.Informatik.Uni-Freiburg.de/papers/fractal/Saup96a.ps.gz}
}

@INPROCEEDINGS{Saupe96b,
        AUTHOR             = {Dietmar Saupe},
        ADDRESS            = {Lausanne, Switzerland},
        BOOKTITLE          = icip96,
        MONTH              = sep,
        PAGES              = {161-164},
        TITLE              = {The futility of square isometries in fractal image compression},
        VOLUME             = {I},
        YEAR               = {1996},
        URL = {ftp://ftp.Informatik.Uni-Freiburg.de/papers/fractal/Saup96c.ps.gz}
}

@INPROCEEDINGS{Saupe96c,
        AUTHOR             = {Dietmar Saupe and Matthias Ruhl},
        ADDRESS            = {Lausanne, Switzerland},
        BOOKTITLE          = icip96,
        MONTH              = sep,
        PAGES              = {129-132},
        TITLE              = {Evolutionary fractal image compression},
        VOLUME             = {I},
        YEAR               = {1996},
        URL = {ftp://ftp.Informatik.Uni-Freiburg.de/papers/fractal/SaRu96a.ps.gz}
}

@INPROCEEDINGS{Saupe96d,
        AUTHOR             = {Dietmar Saupe and Hannes Hartenstein},
        ADDRESS            = {Lausanne, Switzerland},
        BOOKTITLE          = icip96,
        MONTH              = sep,
        PAGES              = {185-188},
        TITLE              = {Lossless acceleration of fractal image compression by fast convolution},
        VOLUME             = {I},
        YEAR               = {1996},
        URL = {ftp://ftp.Informatik.Uni-Freiburg.de/papers/fractal/SaHar96a.ps.gz}
}

@TECHREPORT{Saupe96e,
        AUTHOR             = {Dietmar Saupe and Raouf Hamzaoui and Hannes Hartenstein},
        INSTITUTION        = {Institut f\"{u}r Informatik, University of Freiburg},
        TITLE              = {Fractal Image Compression: An Introductory Overview},
        YEAR               = {1996},
        URL = {ftp://ftp.Informatik.Uni-Freiburg.de/papers/fractal/SaHaHa96a.ps.gz}
}

@ARTICLE{Saupe97a,
        AUTHOR             = {D. Saupe and S. Jacob},
        JOURNAL            = eleclet,
        MONTH              = jan,
        NUMBER             = {1},
        PAGES              = {46-48},
        TITLE              = {Variance-based quadtrees in fractal image compression},
        VOLUME             = {33},
        YEAR               = {1997}
}

@INPROCEEDINGS{Saupe97b,
        AUTHOR             = {D. Saupe and B. Butz},
        ADDRESS            = {Santa Barbara, CA, USA},
        BOOKTITLE          = icip97,
        MONTH              = oct,
        TITLE              = {Real-time very low bit rate video coding with adaptive mean-removed vector quantization},
        YEAR               = {1997},
        URL = {ftp://ftp.Informatik.Uni-Freiburg.DE/documents/papers/fractal/SaBu97.ps.gz}
}

@CONFERENCE{Scharinger96,
        AUTHOR             = {J. Scharinger and F. Pichler and H. G. Feichtinger and F. Leberl},
        ADDRESS            = {Denver, CO, USA},
        BOOKTITLE          = {Applications of Digital Image Processing XIX},
        MONTH              = aug,
        PAGES              = {479-490},
        SERIES             = {SPIE Proceedings},
        TITLE              = {Comparison of lossy image compression techniques with respect to their impact on edge detection},
        VOLUME             = {2847},
        YEAR               = {1996}
}

@ARTICLE{Scheibe97,
        AUTHOR             = {Michael Scheibe},
        JOURNAL            = {Frequenz},
        NOTE               = {To appear},
        TITLE              = {Square Isometries as Integral Part of Fractal Transformation - An Analysis},
        YEAR               = {1997},
        URL = {ftp://ftp.informatik.uni-freiburg.de/papers/fractal/Sche97.ps.gz}
}

@ARTICLE{Shonkwiler89,
        AUTHOR             = {R. Shonkwiler},
        JOURNAL            = infproclet,
        MONTH              = jan,
        PAGES              = {87-89},
        TITLE              = {An Image Algorithm for Computing the Hausdorff Distance Efficiently},
        VOLUME             = {30},
        YEAR               = {1989}
}

@INPROCEEDINGS{Shy94,
        AUTHOR             = {Chewn-Jye Shy and Hong-Yuan M. Liao and Chen-Kuo Tsao and Ming-Yang Chern},
        BOOKTITLE          = {Visual Communications and Image Processing '94},
        EDITOR             = {Aggelos K. Katsaggelos},
        PAGES              = {455-466},
        SERIES             = {SPIE Proceedings},
        TITLE              = {Fractal image coding system based on an adaptive side-coupling quadtree structure},
        VOLUME             = {2308},
        YEAR               = {1994},
        ANNOTE             = {TA1632.N478.1992y}
}

@CONFERENCE{Siepen96,
        AUTHOR             = {P. Siepen},
        ADDRESS            = {Berlin, Germany},
        BOOKTITLE          = {Digital Compression Technologies and Systems for Video Communications},
        MONTH              = oct,
        PAGES              = {664-674},
        SERIES             = {SPIE Proceedings},
        TITLE              = {Simplified method of testing for convergence in fractal image coding schemes},
        VOLUME             = {2952},
        YEAR               = {1996}
}

@ARTICLE{Signes95,
        AUTHOR             = {Julien Signes},
        ADDRESS            = {Trondheim, Norway},
        BOOKTITLE          = natofractalasi,
        JOURNAL            = fractals,
        MONTH              = jul,
        PAGES              = {133-143},
        TITLE              = {Geometrical interpretation of {IFS} based image coding},
        VOLUME             = {5 (Supplementary Issue)},
        YEAR               = {1997},
        URL = {ftp://ftp.Informatik.Uni-Freiburg.de/papers/fractal/Sign95.ps.gz}
}

@INPROCEEDINGS{Signes96,
        AUTHOR             = {Julien Signes},
        BOOKTITLE          = {Visual Communications and Image Processing '96},
        EDITOR             = {Rashid Ansari and Mark J. Smith},
        PAGES              = {1400-1409},
        SERIES             = {SPIE Proceedings},
        TITLE              = {Reducing the codebook size in fractal image compression by geometrical analysis},
        VOLUME             = {2727},
        YEAR               = {1996}
}

@CONFERENCE{Simon95,
        AUTHOR             = {B. Simon},
        ADDRESS            = {Washington, D.C., USA},
        BOOKTITLE          = icip95,
        MONTH              = oct,
        PAGES              = {278-281},
        TITLE              = {Explicit Link Between Local Fractal Transform and Multiresolution Transform},
        VOLUME             = {I},
        YEAR               = {1995},
        DATE               = {23 - 26 October 1995},
        URL = {ftp://ftp.Informatik.Uni-Freiburg.de/papers/fractal/Simo95b.ps.gz}
}

@INPROCEEDINGS{Simon96,
        AUTHOR             = {Benoit Simon},
        ADDRESS            = {Lausanne, Switzerland},
        BOOKTITLE          = icip96,
        PAGES              = {177-180},
        TITLE              = {Image coding using overlapping fractal transform in the wavelet domain},
        VOLUME             = {I},
        YEAR               = {1996},
        URL = {ftp://ftp.Informatik.Uni-Freiburg.de/papers/fractal/Simo96.ps.gz}
}

@INPROCEEDINGS{Simpson95,
        AUTHOR             = {Robert G. Simpson},
        BOOKTITLE          = {Still-Image Compression},
        EDITOR             = {Majid Rabbani and Edward J. Delp and Sarah A. Rajala},
        PAGES              = {60-66},
        SERIES             = {SPIE Proceedings},
        TITLE              = {Interband prediction method for subband image coding},
        VOLUME             = {2418},
        YEAR               = {1995}
}

@ARTICLE{Skarbek95,
        AUTHOR             = {W\ladys\law Skarbek},
        JOURNAL            = improccom,
        NUMBER             = {1},
        PAGES              = {33-41},
        TITLE              = {On Convergence of Affine Fractal Operators},
        VOLUME             = {1},
        YEAR               = {1995},
        URL = {ftp://ftp.Informatik.Uni-Freiburg.de/papers/fractal/Skar95a.ps.gz}
}

@INPROCEEDINGS{Sloan94,
        AUTHOR             = {Alan D. Sloan},
        BOOKTITLE          = {Visual Information Processing III},
        EDITOR             = {Friedrich O. Huck and Richard D. Juday},
        PAGES              = {210-213},
        SERIES             = {SPIE Proceedings},
        TITLE              = {Low-bit-rate fractal image coding},
        VOLUME             = {2239},
        YEAR               = {1994},
        ANNOTE             = {TA1632.N478.1992y}
}

@ARTICLE{Stoksik95,
        AUTHOR             = {Marc A. Stoksik and R. G. Lane and D. T. Nguyen},
        JOURNAL            = gmodimproc,
        MONTH              = may,
        NUMBER             = {3},
        PAGES              = {206-219},
        TITLE              = {Practical Synthesis of Accurate Fractal Images},
        VOLUME             = {57},
        YEAR               = {1995}
}

@INPROCEEDINGS{Tang94,
        AUTHOR             = {Yonghong Tang and William G. Wee},
        BOOKTITLE          = {Visual Communications and Image Processing '94},
        EDITOR             = {Aggelos K. Katsaggelos},
        PAGES              = {1674-1682},
        SERIES             = {SPIE Proceedings},
        TITLE              = {Fractal-based image compression: a fast algorithm using wavelet transform},
        VOLUME             = {2308},
        YEAR               = {1994},
        ANNOTE             = {TA1632.N478.1992y}
}

@INPROCEEDINGS{Tanimoto96,
        AUTHOR             = {Masayuki Tanimoto and Hiroshi Ohyama and Tadahiko Kimoto},
        ADDRESS            = {Lausanne, Switzerland},
        BOOKTITLE          = icip96,
        MONTH              = sep,
        PAGES              = {137-140},
        TITLE              = {A new fractal image coding scheme employing blocks of variable shapes},
        VOLUME             = {1},
        YEAR               = {1996},
        URL = {ftp://ftp.Informatik.Uni-Freiburg.de/papers/fractal/TOKKF96.ps.gz}
}

@INPROCEEDINGS{Thao96,
        AUTHOR             = {Nguyen T. Thao},
        ADDRESS            = {Lausanne, Switzerland},
        BOOKTITLE          = icip96,
        MONTH              = sep,
        PAGES              = {169-172},
        TITLE              = {A Hybrid Fractal-{DCT} Coding Scheme for Image Compression},
        VOLUME             = {I},
        YEAR               = {1996},
        URL = {ftp://ftp.Informatik.Uni-Freiburg.de/papers/fractal/Thao96.ps.gz}
}

@INPROCEEDINGS{Thao97,
        AUTHOR             = {Nguyen T. Thao},
        ADDRESS            = {Hong Kong},
        BOOKTITLE          = iscas97,
        MONTH              = jun,
        TITLE              = {Local Search Fractal Image Compression for Fast Integrated Implementation},
        YEAR               = {1997},
        URL = {ftp://ftp.Informatik.Uni-Freiburg.de/papers/fractal/Thao97.ps.gz}
}

@ARTICLE{Thomas95,
        AUTHOR             = {Lester Thomas and Farzin Deravi},
        JOURNAL            = ieeeimgproc,
        MONTH              = jun,
        NUMBER             = {6},
        PAGES              = {832-838},
        TITLE              = {Region-Based Fractal Image Compression Using Heuristic Search},
        VOLUME             = {4},
        YEAR               = {1995}
}

@INPROCEEDINGS{Titkov96,
        AUTHOR             = {Bronislav Titkov and Anatoli Tikhotskij and Alexandr Myboroda and Helmut Buley},
        ADDRESS            = {Berlin, Germany},
        BOOKTITLE          = {Digital Compression Technologies and Systems for Video Communications},
        EDITOR             = {Naohisa Ohta},
        MONTH              = oct,
        PAGES              = {652-663},
        SERIES             = {SPIE Proceedings},
        TITLE              = {Structure-based fractal image coding},
        VOLUME             = {2952},
        YEAR               = {1996}
}

@TECHREPORT{Vences94,
        AUTHOR             = {Lucia Vences and Isaac Rudomin},
        INSTITUTION        = {Institute of Technology, University of Monterrey},
        TITLE              = {Fractal Compression of Single Images and Image Sequences using Genetic Algorithms},
        YEAR               = {1994},
        URL = {ftp://ftp.informatik.uni-freiburg.de/papers/fractal/VeRu94.ps.gz}
}

@ARTICLE{Vines93a,
        AUTHOR             = {Greg Vines and Monson H. Hayes III},
        JOURNAL            = ieeesigproc,
        MONTH              = apr,
        NUMBER             = {4},
        PAGES              = {1721-1724},
        TITLE              = {Nonlinear Address Maps in a One-Dimensional Fractal Model},
        VOLUME             = {41},
        YEAR               = {1993},
        URL = {ftp://ftp.informatik.uni-freiburg.de/papers/fractal/Vine93.ps.gz}
}

@PHDTHESIS{Vines93b,
        AUTHOR             = {Greg Vines},
        ADDRESS            = {Atlanta, GA, USA},
        MONTH              = may,
        SCHOOL             = {Georgia Institute of Technology},
        TITLE              = {Signal Modelling With Iterated Function Systems},
        YEAR               = {1993}
}

@INCOLLECTION{Vines95,
        AUTHOR             = {Greg Vines},
        ADDRESS            = {New York, NY, USA},
        BOOKTITLE          = {Fractal Image Compression: Theory and Application},
        CHAPTER            = {10},
        EDITOR             = {Yuval Fisher},
        PAGES              = {199-214},
        PUBLISHER          = {Springer-Verlag},
        TITLE              = {Orthogonal Basis {IFS}},
        YEAR               = {1995},
        ISSN_ISBN          = {0-387-94211-4}
}

@INPROCEEDINGS{Wakefield97,
        AUTHOR             = {P. D. Wakefield and D. M. Bethel and D. M. Monro},
        ADDRESS            = {Munich, Germany},
        BOOKTITLE          = icassp97,
        MONTH              = apr,
        PAGES              = {2933-2936},
        TITLE              = {Hybrid Image Compression With Implicit Fractal Terms},
        VOLUME             = {4},
        YEAR               = {1997},
        URL = {ftp://ftp.Informatik.Uni-Freiburg.de/papers/fractal/WaBeMo97.ps.gz}
}

@MASTERSTHESIS{Walle95a,
        AUTHOR             = {Axel van de Walle},
        ADDRESS            = {Waterloo, Canada},
        SCHOOL             = {University of Waterloo},
        TITLE              = {Relating Fractal Image Compression to Transform Methods},
        YEAR               = {1995},
        URL = {http://links.uwaterloo.ca:80/~axel/thesis.html}
}

@ARTICLE{Walle95b,
        AUTHOR             = {Axel van de Walle},
        ADDRESS            = {Trondheim, Norway},
        BOOKTITLE          = natofractalasi,
        JOURNAL            = fractals,
        MONTH              = apr,
        PAGES              = {3-15},
        TITLE              = {Merging Fractal Image Compression and Wavelet Transform Methods},
        VOLUME             = {5 (Supplementary Issue)},
        YEAR               = {1997},
        URL = {ftp://ftp.Informatik.Uni-Freiburg.de/papers/fractal/Wall95.ps.gz}
}

@INPROCEEDINGS{Wang96,
        AUTHOR             = {Zhou Wang and Ying-Lin Yu},
        ADDRESS            = {Orlando, FL, USA},
        BOOKTITLE          = {Hybrid Image and Signal Processing V},
        EDITOR             = {David P. Casasent and Andrew G. Tescher},
        MONTH              = apr,
        PAGES              = {42-49},
        SERIES             = {SPIE Proceedings},
        TITLE              = {Partial iterated function system-based fractal image coding},
        VOLUME             = {2751},
        YEAR               = {1996}
}

@ARTICLE{Wein96,
        AUTHOR             = {Christopher J. Wein and Ian F. Blake},
        JOURNAL            = ieeeimgproc,
        MONTH              = mar,
        NUMBER             = {3},
        PAGES              = {522-526},
        TITLE              = {On the Performance of Fractal Compression with Clustering},
        VOLUME             = {5},
        YEAR               = {1996}
}

@INPROCEEDINGS{Welstead97,
        AUTHOR             = {Stephen Welstead},
        ADDRESS            = {Banff, Canada},
        BOOKTITLE          = iasted97,
        MONTH              = jul,
        PAGES              = {248-251},
        TITLE              = {Self-Organizing Neural Network Domain Classification for Fractal Image Coding},
        YEAR               = {1997},
        URL = {ftp://ftp.informatik.uni-freiburg.de/papers/fractal/Wels97.ps.gz}
}

@INPROCEEDINGS{Wilson94,
        AUTHOR             = {D. L. Wilson and J. A. Nicholls and D. M. Monro},
        ADDRESS            = {Adelaide, Australia},
        BOOKTITLE          = icassp94,
        MONTH              = apr,
        PAGES              = {505-508},
        TITLE              = {Rate Buffered Fractal Video},
        VOLUME             = {5},
        YEAR               = {1994},
        URL = {http://dmsun2.bath.ac.uk:8080/people/papers/vid94.ps.gz}
}

@INPROCEEDINGS{Wohlberg94,
        AUTHOR             = {B. Wohlberg and G. de Jager},
        ADDRESS            = {University of Stellenbosch},
        BOOKTITLE          = {1994 IEEE South African Symposium on Communications and Signal Processing (COMSIG '94)},
        MONTH              = oct,
        NOTE               = {IEEE Cat No 94TH0665-0},
        PAGES              = {158-161},
        TITLE              = {On the Reduction of Fractal Image Compression Encoding Time},
        YEAR               = {1994},
        DATE               = {Tuesday 4 October 1994},
        URL = {http://www.dip.ee.uct.ac.za/~brendt/publications/wohlberg94.ps.gz}
}

@ARTICLE{Wohlberg95,
        AUTHOR             = {B. Wohlberg and G. de Jager},
        JOURNAL            = eleclet,
        MONTH              = may,
        NUMBER             = {11},
        PAGES              = {869-870},
        TITLE              = {Fast Image Domain Fractal Compression by {DCT} Domain Block Matching},
        VOLUME             = {31},
        YEAR               = {1995},
        URL = {http://www.dip.ee.uct.ac.za/~brendt/publications/wohlberg95.ps.gz}
}

@ARTICLE{Wohlberg96a,
        AUTHOR             = {B. Wohlberg and G. de Jager},
        JOURNAL            = eleclet,
        MONTH              = feb,
        NUMBER             = {5},
        PAGES              = {441-442},
        TITLE              = {Fractal coding performance for first-order {Gauss-Markov} models},
        VOLUME             = {32},
        YEAR               = {1996},
        URL = {http://www.dip.ee.uct.ac.za/~brendt/publications/wohlberg96a.ps.gz}
}

@PHDTHESIS{Wohlberg96b,
        AUTHOR             = {Brendt Wohlberg},
        ADDRESS            = {Cape Town, South Africa},
        MONTH              = aug,
        SCHOOL             = {University of Cape Town},
        TITLE              = {Fractal Image Compression and the Self-Affinity Assumption: A Stochastic Signal Modelling Perspective},
        YEAR               = {1996},
        URL = {ftp://ftp.informatik.uni-freiburg.de/papers/fractal/Wohl96.ps.gz}
}

@INPROCEEDINGS{Wong93,
        AUTHOR             = {Kwo-Jyr Wong and Ching-Han Hsu and C. -C. J. Kuo},
        BOOKTITLE          = {Visual Communications and Image Processing '93},
        EDITOR             = {Barry G. Haskell and Hsueh-Ming Hang},
        PAGES              = {1207-1218},
        SERIES             = {SPIE Proceedings},
        TITLE              = {Fractal-based image coding with polyphase decomposition},
        VOLUME             = {2094},
        YEAR               = {1993},
        ANNOTE             = {TA1632.N478.1992y}
}

@INPROCEEDINGS{Wood94,
        AUTHOR             = {Christopher M. Wood},
        BOOKTITLE          = {Instrumentation in Astronomy VIII},
        EDITOR             = {David L. Crawford and Eric R. Craine},
        PAGES              = {1336-1341},
        SERIES             = {SPIE Proceedings},
        TITLE              = {General data compression algorithm for space images using fractal techniques},
        VOLUME             = {2198},
        YEAR               = {1994},
        ANNOTE             = {TA1632.N478.1992y}
}

@ARTICLE{Woolley94,
        AUTHOR             = {Stuart J. Woolley and Donald M. Monro},
        JOURNAL            = fractals,
        NUMBER             = {3},
        PAGES              = {395-398},
        TITLE              = {Rate-distortion performance of fractal transforms for image compression},
        VOLUME             = {2},
        YEAR               = {1994},
        URL = {http://dmsun2.bath.ac.uk:8080/people/papers/montreal.ps.gz}
}

@INPROCEEDINGS{Woolley95,
        AUTHOR             = {Stuart J. Woolley and Donald M. Monro},
        ADDRESS            = {Detroit, MI, USA},
        BOOKTITLE          = icassp95,
        MONTH              = may,
        PAGES              = {2571-2574},
        TITLE              = {Optimum Parameters for Hybrid Fractal Image Coding},
        VOLUME             = {4},
        YEAR               = {1995}
}

@ARTICLE{Zhang91,
        AUTHOR             = {N. Zhang and H. Yan},
        JOURNAL            = eleclet,
        MONTH              = feb,
        NUMBER             = {5},
        PAGES              = {406-408},
        TITLE              = {Hybrid Image Compression Method Based on Fractal Geometry},
        VOLUME             = {27},
        YEAR               = {1991}
}

@INPROCEEDINGS{Zhang95,
        AUTHOR             = {Ying Zhang and Lai-Man Po},
        ADDRESS            = {Washington, D.C., USA},
        BOOKTITLE          = icip95,
        MONTH              = oct,
        PAGES              = {284-287},
        TITLE              = {Fractal color image compression using vector distortion measure},
        VOLUME             = {III},
        YEAR               = {1995}
}

@INPROCEEDINGS{Zhang96,
        AUTHOR             = {Zhengbing Zhang and Yaoting Zhu and Guangxi Zhu and Hanqiang Cao and Donghui Xue},
        ADDRESS            = {Orlando, FL, USA},
        BOOKTITLE          = {Visual Communications and Image Processing '96},
        EDITOR             = {Rashid Ansari and Mark J. Smith},
        MONTH              = mar,
        PAGES              = {1360-1366},
        SERIES             = {SPIE Proceedings},
        TITLE              = {Hybrid fractal image coding method},
        VOLUME             = {2727},
        YEAR               = {1996}
}

@INPROCEEDINGS{Zhang97,
        AUTHOR             = {Y. Zhang and L.-M. Po and Y.-L. Yu},
        ADDRESS            = {Santa Barbara, CA, USA},
        BOOKTITLE          = icip97,
        MONTH              = oct,
        TITLE              = {Wavelet transform based variable tree-size fractal video coding},
        YEAR               = {1997},
        URL = {ftp://ftp.informatik.uni-freiburg.de/papers/fractal/ZhPoYu97.ps.gz}
}

@ARTICLE{Zhao94,
        AUTHOR             = {Y. Zhao and B. Yuan},
        JOURNAL            = eleclet,
        MONTH              = mar,
        NUMBER             = {6},
        PAGES              = {474-475},
        TITLE              = {Image compression using fractals and discrete cosine transform},
        VOLUME             = {30},
        YEAR               = {1994}
}

@ARTICLE{Zhao96,
        AUTHOR             = {Y. Zhao and B. Yuan},
        JOURNAL            = sigprocimcom,
        MONTH              = mar,
        NUMBER             = {2},
        PAGES              = {73-78},
        TITLE              = {A hybrid image compression scheme combining block-based fractal coding and {DCT}},
        VOLUME             = {8},
        YEAR               = {1996}
}

@ARTICLE{Zhu94,
        AUTHOR             = {X. Zhu and B. Cheng and D. M. Titterington},
        JOURNAL            = {IEE Proceedings - Vision, Image and Signal Processing},
        MONTH              = oct,
        NUMBER             = {5},
        PAGES              = {318-324},
        TITLE              = {Fractal model of a one-dimensional discrete signal and its implementation},
        VOLUME             = {141},
        YEAR               = {1994}
}

@ARTICLE{Zorpette88,
        AUTHOR             = {Glenn Zorpette},
        JOURNAL            = ieeespctrm,
        MONTH              = oct,
        NUMBER             = {10},
        PAGES              = {29-31},
        TITLE              = {Fractals: Not Just Another Pretty Picture},
        VOLUME             = {25},
        YEAR               = {1988}
}
