@article{GA:grassmann,
  author = {Gra{\ss}mann, H.},
  title = {Der {O}rt der {H}amilton'schen {Q}uaternionen in der {A}usdehnungslehre},
  journal = {Math. Ann.},
  volume = {12},
  pages = {375},
  year = {1877}
}

@article{GA:clifford,
  author = {Clifford, W.K.},
  title = {Applications of {G}ra{\ss}mann's extensive algebra},
  journal = {Am. J. Math.},
  year = {1878},
  volume = {26},
  number = {6},
  pages = {613--627}
}

@book{GA:NFCM,
  author = {David Hestenes},
  title = {New Foundations for Classical Mechanics},
  publisher = {Reidel},
  edition = {Second},
  year = {1999},
}

@techreport{GA:CUEDTechRep,
  author = {J. Lasenby and A. Lasenby and R. Wareham},
  title = {A {C}ovariant {A}pproach to {G}eometry using {G}eometric {A}lgebra},
  institution = {Cambridge University Engineering Department},
  year = {2004},
  number = {CUED/F-INFENG/TR-483}
}

% Implementations

@misc{GA:CambridgeGALibrary,
  author="{Cambridge Astrophysics Group}",
  title = {Cambridge {GA} library for {M}aple},
  note = {\url{http://www.mrao.cam.ac.uk/~clifford/software/}},
}
