@book{GEOM:brannan,
  title = {Geometry},
  author = {D. A. Brannan and M. F. Esplen and J. J. Gray},
  publisher = {Cambridge University Press},
  year = {1999},
  chapter = {6}
}

