%Original file available from http://www.dip.ee.uct.ac.za/~brendt/bibliographies/bibtex/header.bib
%Last update: Thursday 23 December 1999
%Current number of entries: 126

% Journals
@STRING{ieeeassp = "IEEE Transactions on Acoustics, Speech, and Signal Processing"}
@STRING{ieeeasspmag = "IEEE ASSP Magazine"}
@STRING{ieeebroad = "IEEE Transactions On Broadcasting"}
@STRING{ieeecga = "IEEE Computer Graphics and Applications"}
@STRING{ieeecircsys = "IEEE Transactions on Circuits and Systems"}
@STRING{ieeecom = "IEEE Transaction on Communications"}
@STRING{ieeecomp = "IEEE Transactions on Computers"}
@STRING{ieeecomtech = "IEEE Transactions on Communication Technology"}
@STRING{ieeecsvt = "IEEE Transactions on Circuits and Systems for Video Technology"}
@STRING{ieeeimgproc = "IEEE Transactions on Image Processing"}
@STRING{ieeeinfth = "IEEE Transactions on Information Theory"}
@STRING{ieeemagcomp = "IEEE Transactions on Electromagnetic Compatibility"}
@STRING{ieeemedim = "IEEE Transactions on Medical Imaging"}
@STRING{ieeebiomed = "IEEE Transactions on Biomedical Engineering"}
@STRING{ieeepami = "IEEE Transactions on Pattern Analysis and Machine Intelligence"}
@STRING{ieeeproc = "Proceedings of the IEEE"}
@STRING{ieeesigproc = "IEEE Transactions on Signal Processing"}
@STRING{ieeesmc = "IEEE Transactions on Systems, Man and Cybernetics"}
@STRING{ieeespctrm = "IEEE Spectrum"}
@STRING{ieeespl = "IEEE Signal Processing Letters"}
@STRING{ieeevcg = "IEEE Transactions on Visualization and Computer Graphics"}
@STRING{ieeproc = "Proceedings of the Institution of Electrical Engineers"}
@STRING{ireinfth = "IRE Transactions on Information Theory"}
@STRING{ireproc = "Proceedings of the IRE"}
@STRING{eleclet = "Electronics Letters"}
@STRING{ieerev = "IEE Review"}
@STRING{jelecimag = "Journal of Electronic Imaging"}

@STRING{acmcom = "Communications of the ACM"}
@STRING{acmmthsoft = "ACM Transactions on Mathematical Software"}
@STRING{amjphys = "American Journal of Physics"}
@STRING{amstrans = "Transactions of the American Mathematical Society"}
@STRING{apcmphrman = "Applied and Computational Harmonic Analysis"}
@STRING{belltechj = "Bell Systems Technical Journal"}
@STRING{byte = "Byte"}
@STRING{cgip = "Computer Graphics and Image Processing"}
@STRING{cvgip = "Computer Vision, Graphics, and Image Processing"}
@STRING{comviu = "Computer Vision and Image Understanding"}
@STRING{imunder = "CVGIP: Image Understanding"}
@STRING{compagrph = "Computers and Graphics"}
@STRING{compgrph = "Computer Graphics"}
@STRING{comprapmth = "Communications on Pure and Applied Mathematics"}
@STRING{ijcv = "International Journal of Computer Vision"}
@STRING{discapmth = "Discrete Applied Mathematics"}
@STRING{eleccomeng = "Electronics \& Communication Engineering Journal"}
@STRING{ergthdynsys = "Ergodic Theory and Dynamical Systems"}
@STRING{fractals = "Fractals"}
@STRING{gmodimproc = "Graphical Models and Image Processing"}
@STRING{ibmresdev = "IBM Journal of Research and Development"}
@STRING{infproclet = "Information Processing Letters"}
@STRING{invprob = "Inverse Problems"}
@STRING{jcmplx = "Journal of Complexity"}
@STRING{jmthanapl = "Journal of Mathematical Analysis and Applications"}
@STRING{jphysicse = "Journal of Physics E: Scientific Instruments"}
@STRING{navwisk = "Nieuw Archief Voor Wiskunde"}
@STRING{nvcim = "Nuovo Cimento"}
@STRING{opteng = "Optical Engineering"}
@STRING{opticsocam = "Journal of the Optical Society of America"}
@STRING{opticsocama = "Journal of the Optical Society of America A"}
@STRING{physicad = "Physica D"}
@STRING{siamrev = "SIAM Review"}
@STRING{sigproc = "Signal Processing"}
@STRING{sigprocimcom = "Signal Processing: Image Communication"}
@STRING{syscomjap = "Systems and Computers in Japan"}
@STRING{improccom = "Image Processing and Communications"}
@STRING{mri = "Magnetic Resonance Imaging"}
@STRING{patrec = "Pattern Recognition"}
@STRING{patreclet = "Pattern Recognition Letters"}
@STRING{jmatmec = "Journal of Mathematics and Mechanics"}
@STRING{ijrr = "International Journal of Robotics Research"}
@STRING{perpsy = "Perception and Psychophysics"}
@STRING{ijprai = "International Journal of Pattern Recognition and Artificial Intelligence"}
@STRING{jacm = "Journal of the Association for Computing Machinery"} 
@STRING{imviscom = "Image and Vision Computing"}	  

% Conferences
@STRING{irenatconv = "IRE National Convention Record"}
@STRING{icip94 = "Proceedings ICIP-94 (IEEE International Conference on Image Processing)"}
@STRING{icip95 = "Proceedings ICIP-95 (IEEE International Conference on Image Processing)"}
@STRING{icip96 = "Proceedings ICIP-96 (IEEE International Conference on Image Processing)"}
@STRING{icip97 = "Proceedings ICIP-97 (IEEE International Conference on Image Processing)"}
@STRING{icip98 = "Proceedings ICIP-98 (IEEE International Conference on Image Processing)"}
@STRING{icip99 = "Proceedings ICIP-99 (IEEE International Conference on Image Processing)"}
@STRING{icassp90 = "Proceedings ICASSP-90 (IEEE International Conference on Acoustics, Speech and Signal Processing)"}
@STRING{icassp91 = "Proceedings ICASSP-91 (IEEE International Conference on Acoustics, Speech and Signal Processing)"}
@STRING{icassp92 = "Proceedings ICASSP-92 (IEEE International Conference on Acoustics, Speech and Signal Processing)"}
@STRING{icassp93 = "Proceedings ICASSP-93 (IEEE International Conference on Acoustics, Speech and Signal Processing)"}
@STRING{icassp94 = "Proceedings ICASSP-94 (IEEE International Conference on Acoustics, Speech and Signal Processing)"}
@STRING{icassp95 = "Proceedings ICASSP-95 (IEEE International Conference on Acoustics, Speech and Signal Processing)"}
@STRING{icassp96 = "Proceedings ICASSP-96 (IEEE International Conference on Acoustics, Speech and Signal Processing)"}
@STRING{icassp97 = "Proceedings ICASSP-97 (IEEE International Conference on Acoustics, Speech and Signal Processing)"}
@STRING{dcc93 = "Proceedings DCC'93 (IEEE Data Compression Conference)"}
@STRING{dcc94 = "Proceedings DCC'94 (IEEE Data Compression Conference)"}
@STRING{dcc95 = "Proceedings DCC'95 (IEEE Data Compression Conference)"}
@STRING{dcc96 = "Proceedings DCC'96 (IEEE Data Compression Conference)"}
@STRING{dcc97 = "Proceedings DCC'97 (IEEE Data Compression Conference)"}
@STRING{dcc98 = "Proceedings DCC'98 (IEEE Data Compression Conference)"}
@STRING{dsp93 = "Proceedings of the IEEE International Conference on Digital Signal Processing"}
@STRING{dspw96 = "IEEE Digital Signal Processing Workshop Proceedings"}
@STRING{natofractalasi = "NATO ASI on Fractal Image Encoding and Analysis"}
@STRING{pcs93 = "Proceedings PCS'93 (International Picture Coding Symposium)"}
@STRING{pcs94 = "Proceedings PCS'94 (International Picture Coding Symposium)"}
@STRING{pcs95 = "Proceedings PCS'95 (International Picture Coding Symposium)"}
@STRING{pcs96 = "Proceedings PCS'96 (International Picture Coding Symposium)"}
@STRING{pcs97 = "Proceedings PCS'97 (International Picture Coding Symposium)"}
@STRING{issipnn94 = "Proceedings ISSIPNN'94 (International Symposium on Speech, Image Processing and Neural Networks)"}
@STRING{eusipco94 = "Proceedings EUSIPCO'94 (European Signal Processing Conference)"}
@STRING{eusipco96 = "Proceedings EUSIPCO'96 (European Signal Processing Conference)"}
@STRING{soda93 = "Proceedings of the Fourth Annual ACM-SIAM Symposium on Discrete Algorithms"}
@STRING{soda94 = "Proceedings of the Fifth Annual ACM-SIAM Symposium
on Discrete Algorithms"}
@STRING{iwisp96 = "Proceedings of the 3rd International Workshop on Image and Signal Processing"}
@STRING{ita92 = "Proceedings of the 2nd Seminar on Information Technology and its Applications (ITA'92)"}
@STRING{iscas97 = "International Symposium on Circuits and Systems (ISCAS'97)"}
@STRING{apcc95 = "2nd Asia-Pacific Conference on Communications"}
@STRING{fraceng97 = "Fractals in Engineering Conference"}
@STRING{iasted97 = "Proccedings of the IASTED International Conference on Artificial Intelligence and Soft Computing"}
@STRING{norsig96 = "Proceedings NORSIG'96 (1996 IEEE Nordic Signal Processing Symposium)"}
@STRING{aitc97 = "Proceedings of the 1997 Asian Industrial Technology Congress: Telecommunications Technology"}
@STRING{isaviia98 = "1998 International Symposium on Audio, Video, Image Processing and Intelligent Applications"}
@STRING{icpr96 = "Proceedings ICPR'96 (International Conference on Pattern Recognition"}
@STRING{ieedpsc91 = "IEE 6th International Conference on Digital Processing of Signals in Communications"}
@STRING{cvpr98  = "Proceedings CVPR'98 (1998 Computer Society Conference on Computer Vision and Pattern Recognition)"}

% Publishers
@STRING{addisonw = "Addison-Wesley"}
@STRING{springer = "Springer-Verlag"}
@STRING{wiley = "John Wiley \& Sons"}
@STRING{prenticeh = "Prentice-Hall"}
@STRING{mcgrawhill = "{McG}raw-Hill"}
@STRING{kluwer = "Kluwer Academic Publishers"}
@STRING{nholland = "North-Holland"}
